@article{mimachi2020integral,
	title        = {Integral representations of Appell's F2, F3, Horn's H2 and Olsson's FP functions},
	author       = {Mimachi, Katsuhisa},
	year         = 2020,
	journal      = {Kyushu Journal of Mathematics},
	publisher    = {Faculty of Mathematics, Kyushu University},
	volume       = 74,
	number       = 1,
	pages        = {1--13}
}
@article{Goncalves:2014rfa,
	title        = {{Factorization of Mellin amplitudes}},
	author       = {Gon\c{c}alves, Vasco and Penedones, Jo\~ao and Trevisani, Emilio},
	year         = 2015,
	journal      = {JHEP},
	volume       = 10,
	pages        = {040},
	doi          = {10.1007/JHEP10(2015)040},
	eprint       = {1410.4185},
	archiveprefix = {arXiv},
	primaryclass = {hep-th}
}
@article{matsumoto2017monodromy,
	title        = {Monodromy representations of hypergeometric systems with respect to fundamental series solutions},
	author       = {Matsumoto, Keiji},
	year         = 2017,
	journal      = {Tohoku Mathematical Journal},
	publisher    = {Tohoku University, Mathematical Institute},
	volume       = 69,
	number       = 4,
	pages        = {547--570}
}
@article{Komargodski:2012ek,
	title        = {{Convexity and Liberation at Large Spin}},
	author       = {Komargodski, Zohar and Zhiboedov, Alexander},
	year         = 2013,
	journal      = {JHEP},
	volume       = 11,
	pages        = 140,
	doi          = {10.1007/JHEP11(2013)140},
	eprint       = {1212.4103},
	archiveprefix = {arXiv},
	primaryclass = {hep-th}
}
@article{Fitzpatrick:2012yx,
	title        = {{The Analytic Bootstrap and AdS Superhorizon Locality}},
	author       = {Fitzpatrick, A. Liam and Kaplan, Jared and Poland, David and Simmons-Duffin, David},
	year         = 2013,
	journal      = {JHEP},
	volume       = 12,
	pages        = {004},
	doi          = {10.1007/JHEP12(2013)004},
	eprint       = {1212.3616},
	archiveprefix = {arXiv},
	primaryclass = {hep-th}
}
@article{Simmons-Duffin:2016wlq,
	title        = {{The Lightcone Bootstrap and the Spectrum of the 3d Ising CFT}},
	author       = {Simmons-Duffin, David},
	year         = 2017,
	journal      = {JHEP},
	volume       = {03},
	pages        = {086},
	doi          = {10.1007/JHEP03(2017)086},
	eprint       = {1612.08471},
	archiveprefix = {arXiv},
	primaryclass = {hep-th}
}
@article{Alday:2015ewa,
	title        = {{An Algebraic Approach to the Analytic Bootstrap}},
	author       = {Alday, Luis F. and Zhiboedov, Alexander},
	year         = 2017,
	journal      = {JHEP},
	volume       = {04},
	pages        = 157,
	doi          = {10.1007/JHEP04(2017)157},
	eprint       = {1510.08091},
	archiveprefix = {arXiv},
	primaryclass = {hep-th}
}
@article{Alday:2015eya,
	title        = {{Large spin systematics in CFT}},
	author       = {Alday, Luis F. and Bissi, Agnese and Lukowski, Tomasz},
	year         = 2015,
	journal      = {JHEP},
	volume       = 11,
	pages        = 101,
	doi          = {10.1007/JHEP11(2015)101},
	eprint       = {1502.07707},
	archiveprefix = {arXiv},
	primaryclass = {hep-th}
}
@article{Alday:2016njk,
	title        = {{Large Spin Perturbation Theory for Conformal Field Theories}},
	author       = {Alday, Luis F.},
	year         = 2017,
	journal      = {Phys. Rev. Lett.},
	volume       = 119,
	number       = 11,
	pages        = 111601,
	doi          = {10.1103/PhysRevLett.119.111601},
	eprint       = {1611.01500},
	archiveprefix = {arXiv},
	primaryclass = {hep-th}
}
@article{Costa:2017twz,
	title        = {{Bounds for OPE coefficients on the Regge trajectory}},
	author       = {Costa, Miguel S. and Hansen, Tobias and Penedones, Jo\~ao},
	year         = 2017,
	journal      = {JHEP},
	volume       = 10,
	pages        = 197,
	doi          = {10.1007/JHEP10(2017)197},
	eprint       = {1707.07689},
	archiveprefix = {arXiv},
	primaryclass = {hep-th}
}
@article{Kulaxizi:2017ixa,
	title        = {{Bulk Phase Shift, CFT Regge Limit and Einstein Gravity}},
	author       = {Kulaxizi, Manuela and Parnachev, Andrei and Zhiboedov, Alexander},
	year         = 2018,
	journal      = {JHEP},
	volume       = {06},
	pages        = 121,
	doi          = {10.1007/JHEP06(2018)121},
	eprint       = {1705.02934},
	archiveprefix = {arXiv},
	primaryclass = {hep-th}
}
@article{Li:2017lmh,
	title        = {{Conformal Bootstrap in the Regge Limit}},
	author       = {Li, Daliang and Meltzer, David and Poland, David},
	year         = 2017,
	journal      = {JHEP},
	volume       = 12,
	pages        = {013},
	doi          = {10.1007/JHEP12(2017)013},
	eprint       = {1705.03453},
	archiveprefix = {arXiv},
	primaryclass = {hep-th}
}
@article{Meltzer:2017rtf,
	title        = {{Beyond $a = c$: gravitational couplings to matter and the stress tensor OPE}},
	author       = {Meltzer, David and Perlmutter, Eric},
	year         = 2018,
	journal      = {JHEP},
	volume       = {07},
	pages        = 157,
	doi          = {10.1007/JHEP07(2018)157},
	eprint       = {1712.04861},
	archiveprefix = {arXiv},
	primaryclass = {hep-th}
}
@article{Hofman:2008ar,
	title        = {{Conformal collider physics: Energy and charge correlations}},
	author       = {Hofman, Diego M. and Maldacena, Juan},
	year         = 2008,
	journal      = {JHEP},
	volume       = {05},
	pages        = {012},
	doi          = {10.1088/1126-6708/2008/05/012},
	eprint       = {0803.1467},
	archiveprefix = {arXiv},
	primaryclass = {hep-th}
}
@article{Camanho:2014apa,
	title        = {{Causality Constraints on Corrections to the Graviton Three-Point Coupling}},
	author       = {Camanho, Xian O. and Edelstein, Jose D. and Maldacena, Juan and Zhiboedov, Alexander},
	year         = 2016,
	journal      = {JHEP},
	volume       = {02},
	pages        = {020},
	doi          = {10.1007/JHEP02(2016)020},
	eprint       = {1407.5597},
	archiveprefix = {arXiv},
	primaryclass = {hep-th}
}
@article{Vieira:2020xfx,
	title        = {{Light-Cone Bootstrap of Higher Point Functions and Wilson Loop Duality}},
	author       = {Bercini, Carlos and Gon\c{c}alves, Vasco and Vieira, Pedro},
	year         = 2021,
	journal      = {Phys. Rev. Lett.},
	volume       = 126,
	number       = 12,
	pages        = 121603,
	doi          = {10.1103/PhysRevLett.126.121603},
	eprint       = {2008.10407},
	archiveprefix = {arXiv},
	primaryclass = {hep-th}
}
@article{Rosenhaus:2018zqn,
	title        = {{Multipoint Conformal Blocks in the Comb Channel}},
	author       = {Rosenhaus, Vladimir},
	year         = 2019,
	journal      = {JHEP},
	volume       = {02},
	pages        = 142,
	doi          = {10.1007/JHEP02(2019)142},
	eprint       = {1810.03244},
	archiveprefix = {arXiv},
	primaryclass = {hep-th}
}
@article{Goncalves:2019znr,
	title        = {{$20'$ Five-Point Function from $AdS_5\times S^5$ Supergravity}},
	author       = {Gon\c{c}alves, Vasco and Pereira, Raul and Zhou, Xinan},
	year         = 2019,
	journal      = {JHEP},
	volume       = 10,
	pages        = 247,
	doi          = {10.1007/JHEP10(2019)247},
	eprint       = {1906.05305},
	archiveprefix = {arXiv},
	primaryclass = {hep-th},
	reportnumber = {PUPT-2588}
}
@article{Bercini:2021jti,
	title        = {{The Wilson Loop -- Large Spin OPE Dictionary}},
	author       = {Bercini, Carlos and Gon\c{c}alves, Vasco and Homrich, Alexandre and Vieira, Pedro},
	year         = 2021,
	month        = 10,
	eprint       = {2110.04364},
	archiveprefix = {arXiv},
	primaryclass = {hep-th}
}
@article{Caron-Huot:2017vep,
	title        = {{Analyticity in Spin in Conformal Theories}},
	author       = {Caron-Huot, Simon},
	year         = 2017,
	journal      = {JHEP},
	volume       = {09},
	pages        = {078},
	doi          = {10.1007/JHEP09(2017)078},
	eprint       = {1703.00278},
	archiveprefix = {arXiv},
	primaryclass = {hep-th}
}
@article{Simmons-Duffin:2017nub,
	title        = {{A spacetime derivation of the Lorentzian OPE inversion formula}},
	author       = {Simmons-Duffin, David and Stanford, Douglas and Witten, Edward},
	year         = 2018,
	journal      = {JHEP},
	volume       = {07},
	pages        = {085},
	doi          = {10.1007/JHEP07(2018)085},
	eprint       = {1711.03816},
	archiveprefix = {arXiv},
	primaryclass = {hep-th}
}
@article{Caron-Huot:2020ouj,
	title        = {{The leading trajectory in the 2+1D Ising CFT}},
	author       = {Caron-Huot, Simon and Gobeil, Yan and Zahraee, Zahra},
	year         = 2020,
	month        = 7,
	eprint       = {2007.11647},
	archiveprefix = {arXiv},
	primaryclass = {hep-th}
}
@article{Liu:2020tpf,
	title        = {{The Lorentzian inversion formula and the spectrum of the 3d O(2) CFT}},
	author       = {Liu, Junyu and Meltzer, David and Poland, David and Simmons-Duffin, David},
	year         = 2020,
	journal      = {JHEP},
	volume       = {09},
	pages        = 115,
	doi          = {10.1007/JHEP09(2020)115},
	note         = {[Erratum: JHEP 01, 206 (2021)]},
	eprint       = {2007.07914},
	archiveprefix = {arXiv},
	primaryclass = {hep-th}
}
@article{Alday:2017zzv,
	title        = {{Taming the $\epsilon$-expansion with large spin perturbation theory}},
	author       = {Alday, Luis F. and Henriksson, Johan and van Loon, Mark},
	year         = 2018,
	journal      = {JHEP},
	volume       = {07},
	pages        = 131,
	doi          = {10.1007/JHEP07(2018)131},
	eprint       = {1712.02314},
	archiveprefix = {arXiv},
	primaryclass = {hep-th}
}
@article{Henriksson:2018myn,
	title        = {{Critical O(N) model to order $\epsilon^4$ from analytic bootstrap}},
	author       = {Henriksson, Johan and Van Loon, Mark},
	year         = 2019,
	journal      = {J. Phys. A},
	volume       = 52,
	number       = 2,
	pages        = {025401},
	doi          = {10.1088/1751-8121/aaf1e2},
	eprint       = {1801.03512},
	archiveprefix = {arXiv},
	primaryclass = {hep-th}
}
@article{Alday:2019clp,
	title        = {{An alternative to diagrams for the critical O(N) model: dimensions and structure constants to order 1/N$^{2}$}},
	author       = {Alday, Luis F. and Henriksson, Johan and van Loon, Mark},
	year         = 2020,
	journal      = {JHEP},
	volume       = {01},
	pages        = {063},
	doi          = {10.1007/JHEP01(2020)063},
	eprint       = {1907.02445},
	archiveprefix = {arXiv},
	primaryclass = {hep-th}
}
@article{Goncalves:2018nlv,
	title        = {{Skeleton expansion and large spin bootstrap for $\phi^3$ theory}},
	author       = {Goncalves, Vasco},
	year         = 2018,
	month        = 9,
	eprint       = {1809.09572},
	archiveprefix = {arXiv},
	primaryclass = {hep-th}
}
@article{Gliozzi:2017hni,
	title        = {{The analytic structure of conformal blocks and the generalized Wilson-Fisher fixed points}},
	author       = {Gliozzi, Ferdinando and Guerrieri, Andrea L. and Petkou, Anastasios C. and Wen, Congkao},
	year         = 2017,
	journal      = {JHEP},
	volume       = {04},
	pages        = {056},
	doi          = {10.1007/JHEP04(2017)056},
	eprint       = {1702.03938},
	archiveprefix = {arXiv},
	primaryclass = {hep-th},
	reportnumber = {CALT-TH-2017-009}
}
@article{Costa:2012cb,
	title        = {{Conformal Regge theory}},
	author       = {Costa, Miguel S. and Goncalves, Vasco and Penedones, Joao},
	year         = 2012,
	journal      = {JHEP},
	volume       = 12,
	pages        = {091},
	doi          = {10.1007/JHEP12(2012)091},
	eprint       = {1209.4355},
	archiveprefix = {arXiv},
	primaryclass = {hep-th}
}
@article{Dixon:2011pw,
	title        = {{Bootstrapping the three-loop hexagon}},
	author       = {Dixon, Lance J. and Drummond, James M. and Henn, Johannes M.},
	year         = 2011,
	journal      = {JHEP},
	volume       = 11,
	pages        = {023},
	doi          = {10.1007/JHEP11(2011)023},
	eprint       = {1108.4461},
	archiveprefix = {arXiv},
	primaryclass = {hep-th},
	reportnumber = {SLAC-PUB-14528, CERN-PH-TH-2011-189, LAPTH-029-11, HU-EP-11-38, NSF-KITP-11-176}
}
@article{Mack:2009mi,
	title        = {{D-independent representation of Conformal Field Theories in D dimensions via transformation to auxiliary Dual Resonance Models. Scalar amplitudes}},
	author       = {Mack, Gerhard},
	year         = 2009,
	month        = 7,
	eprint       = {0907.2407},
	archiveprefix = {arXiv},
	primaryclass = {hep-th}
}
@article{Penedones:2010ue,
	title        = {{Writing CFT correlation functions as AdS scattering amplitudes}},
	author       = {Penedones, Joao},
	year         = 2011,
	journal      = {JHEP},
	volume       = {03},
	pages        = {025},
	doi          = {10.1007/JHEP03(2011)025},
	eprint       = {1011.1485},
	archiveprefix = {arXiv},
	primaryclass = {hep-th},
	slaccitation = {%%CITATION = ARXIV:1011.1485;%%}
}
@article{Hogervorst:2013sma,
	title        = {{Radial Coordinates for Conformal Blocks}},
	author       = {Hogervorst, Matthijs and Rychkov, Slava},
	year         = 2013,
	journal      = {Phys. Rev. D},
	volume       = 87,
	pages        = 106004,
	doi          = {10.1103/PhysRevD.87.106004},
	eprint       = {1303.1111},
	archiveprefix = {arXiv},
	primaryclass = {hep-th},
	reportnumber = {CERN-PH-TH-2013-043, LPTENS-13-05}
}
@article{Buric:2020dyz,
	title        = {{From Gaudin Integrable Models to $d$-dimensional Multipoint Conformal Blocks}},
	author       = {Buric, Ilija and Lacroix, Sylvain and Mann, Jeremy A. and Quintavalle, Lorenzo and Schomerus, Volker},
	year         = 2021,
	journal      = {Phys. Rev. Lett.},
	volume       = 126,
	number       = 2,
	pages        = {021602},
	doi          = {10.1103/PhysRevLett.126.021602},
	eprint       = {2009.11882},
	archiveprefix = {arXiv},
	primaryclass = {hep-th},
	reportnumber = {DESY-20-157, DESY 20-157, ZMP-HH/20-25, SAGEX-20-22-E}
}
@article{Buric:2021ywo,
	title        = {{Gaudin models and multipoint conformal blocks: general theory}},
	author       = {Buric, Ilija and Lacroix, Sylvain and Mann, Jeremy A. and Quintavalle, Lorenzo and Schomerus, Volker},
	year         = 2021,
	journal      = {JHEP},
	volume       = 10,
	pages        = 139,
	doi          = {10.1007/JHEP10(2021)139},
	eprint       = {2105.00021},
	archiveprefix = {arXiv},
	primaryclass = {hep-th},
	reportnumber = {DESY-21-052, DESY 21-052, SAGEX21-08-E, ZMP-HH/21-8}
}
@article{Jepsen:2019svc,
	title        = {{Propagator identities, holographic conformal blocks, and higher-point AdS diagrams}},
	author       = {Jepsen, Christian Baadsgaard and Parikh, Sarthak},
	year         = 2019,
	journal      = {JHEP},
	volume       = 10,
	pages        = 268,
	doi          = {10.1007/JHEP10(2019)268},
	eprint       = {1906.08405},
	archiveprefix = {arXiv},
	primaryclass = {hep-th},
	reportnumber = {PUPT-2589}
}
@article{DelDuca:2011wh,
	title        = {{The one-loop six-dimensional hexagon integral with three massive corners}},
	author       = {Del Duca, Vittorio and Dixon, Lance J. and Drummond, James M. and Duhr, Claude and Henn, Johannes M. and Smirnov, Vladimir A.},
	year         = 2011,
	journal      = {Phys. Rev. D},
	volume       = 84,
	pages        = {045017},
	doi          = {10.1103/PhysRevD.84.045017},
	eprint       = {1105.2011},
	archiveprefix = {arXiv},
	primaryclass = {hep-th},
	reportnumber = {HU-EP-11-22, CERN-PH-TH-2011-105, SLAC-PUB-14458, LAPTH-016-11, DCPT-11-42, NSF-KITP-11-072, IPPP-11-21}
}
@article{Liu:2018jhs,
	title        = {{$d$-dimensional SYK, AdS Loops, and $6j$ Symbols}},
	author       = {Liu, Junyu and Perlmutter, Eric and Rosenhaus, Vladimir and Simmons-Duffin, David},
	year         = 2019,
	journal      = {JHEP},
	volume       = {03},
	pages        = {052},
	doi          = {10.1007/JHEP03(2019)052},
	eprint       = {1808.00612},
	archiveprefix = {arXiv},
	primaryclass = {hep-th},
	reportnumber = {CALT-TH-2018-023}
}
@article{Alday:2016jfr,
	title        = {{Solving CFTs with Weakly Broken Higher Spin Symmetry}},
	author       = {Alday, Luis F.},
	year         = 2017,
	journal      = {JHEP},
	volume       = 10,
	pages        = 161,
	doi          = {10.1007/JHEP10(2017)161},
	eprint       = {1612.00696},
	archiveprefix = {arXiv},
	primaryclass = {hep-th}
}
@article{Alday:2018pdi,
	title        = {{Genus-One String Amplitudes from Conformal Field Theory}},
	author       = {Alday, Luis F. and Bissi, Agnese and Perlmutter, Eric},
	year         = 2019,
	journal      = {JHEP},
	volume       = {06},
	pages        = {010},
	doi          = {10.1007/JHEP06(2019)010},
	eprint       = {1809.10670},
	archiveprefix = {arXiv},
	primaryclass = {hep-th},
	slaccitation = {%%CITATION = ARXIV:1809.10670;%%}
}
@article{Alday:2018kkw,
	title        = {{On Genus-one String Amplitudes on $AdS_5 \times S^5$}},
	author       = {Alday, Luis F.},
	year         = 2018,
	eprint       = {1812.11783},
	archiveprefix = {arXiv},
	primaryclass = {hep-th},
	slaccitation = {%%CITATION = ARXIV:1812.11783;%%}
}
@article{Amati:1987uf,
	title        = {{Classical and Quantum Gravity Effects from Planckian Energy Superstring Collisions}},
	author       = {Amati, D. and Ciafaloni, M. and Veneziano, G.},
	year         = 1988,
	journal      = {Int. J. Mod. Phys.},
	volume       = {A3},
	pages        = {1615--1661},
	doi          = {10.1142/S0217751X88000710},
	reportnumber = {CERN-TH-4886/87},
	slaccitation = {%%CITATION = IMPAE,A3,1615;%%}
}
@article{Binder:2019jwn,
	title        = {{$\mathcal{N}=4$ Super-Yang-Mills Correlators at Strong Coupling from String Theory and Localization}},
	author       = {Binder, Damon J. and Chester, Shai M. and Pufu, Silviu S. and Wang, Yifan},
	year         = 2019,
	eprint       = {1902.06263},
	archiveprefix = {arXiv},
	primaryclass = {hep-th},
	reportnumber = {PUPT-2582},
	slaccitation = {%%CITATION = ARXIV:1902.06263;%%}
}
@article{Bissi:2019kkx,
	title        = {{Dispersion Relation for CFT Four-Point Functions}},
	author       = {Bissi, Agnese and Dey, Parijat and Hansen, Tobias},
	year         = 2020,
	journal      = {JHEP},
	volume       = {04},
	pages        = {092},
	doi          = {10.1007/JHEP04(2020)092},
	eprint       = {1910.04661},
	archiveprefix = {arXiv},
	primaryclass = {hep-th},
	reportnumber = {UUITP-42/19}
}
@article{Boels:2014dka,
	title        = {{String theory in target space}},
	author       = {Boels, Rutger H. and Hansen, Tobias},
	year         = 2014,
	journal      = {JHEP},
	volume       = {06},
	pages        = {054},
	doi          = {10.1007/JHEP06(2014)054},
	eprint       = {1402.6356},
	archiveprefix = {arXiv},
	primaryclass = {hep-th},
	slaccitation = {%%CITATION = ARXIV:1402.6356;%%}
}
@article{Brower:2006ea,
	title        = {{The Pomeron and gauge/string duality}},
	author       = {Brower, Richard C. and Polchinski, Joseph and Strassler, Matthew J. and Tan, Chung-I},
	year         = 2007,
	journal      = {JHEP},
	volume       = 12,
	pages        = {005},
	doi          = {10.1088/1126-6708/2007/12/005},
	eprint       = {hep-th/0603115},
	archiveprefix = {arXiv},
	reportnumber = {BROWN-HET-1462}
}
@article{Carmi:2019cub,
	title        = {{A Conformal Dispersion Relation: Correlations from Absorption}},
	author       = {Carmi, Dean and Caron-Huot, Simon},
	year         = 2020,
	journal      = {JHEP},
	volume       = {09},
	pages        = {009},
	doi          = {10.1007/JHEP09(2020)009},
	eprint       = {1910.12123},
	archiveprefix = {arXiv},
	primaryclass = {hep-th}
}
@article{Cornalba:2007zb,
	title        = {{Eikonal approximation in AdS/CFT: Resumming the gravitational loop expansion}},
	author       = {Cornalba, Lorenzo and Costa, Miguel S. and Penedones, Joao},
	year         = 2007,
	journal      = {JHEP},
	volume       = {09},
	pages        = {037},
	doi          = {10.1088/1126-6708/2007/09/037},
	eprint       = {0707.0120},
	archiveprefix = {arXiv},
	primaryclass = {hep-th},
	reportnumber = {ROM2F-2007-11, LPTENS-07-27},
	slaccitation = {%%CITATION = ARXIV:0707.0120;%%}
}
@article{Cornalba:2007fs,
	title        = {{Eikonal methods in AdS/CFT: Regge theory and multi-reggeon exchange}},
	author       = {Cornalba, Lorenzo},
	year         = 2007,
	eprint       = {0710.5480},
	archiveprefix = {arXiv},
	primaryclass = {hep-th},
	slaccitation = {%%CITATION = ARXIV:0710.5480;%%}
}
@article{Cornalba:2008qf,
	title        = {{Eikonal Methods in AdS/CFT: BFKL Pomeron at Weak Coupling}},
	author       = {Cornalba, Lorenzo and Costa, Miguel S. and Penedones, Joao},
	year         = 2008,
	journal      = {JHEP},
	volume       = {06},
	pages        = {048},
	doi          = {10.1088/1126-6708/2008/06/048},
	eprint       = {0801.3002},
	archiveprefix = {arXiv},
	primaryclass = {hep-th},
	reportnumber = {BICOCCA-FT-08-02, NSF-KITP-07-212},
	slaccitation = {%%CITATION = ARXIV:0801.3002;%%}
}
@article{Costa:2011dw,
	title        = {{Spinning Conformal Blocks}},
	author       = {Costa, Miguel S. and Penedones, Joao and Poland, David and Rychkov, Slava},
	year         = 2011,
	journal      = {JHEP},
	volume       = 11,
	pages        = 154,
	doi          = {10.1007/JHEP11(2011)154},
	eprint       = {1109.6321},
	archiveprefix = {arXiv},
	primaryclass = {hep-th},
	reportnumber = {LPTENS-11-37}
}
@article{Costa:2014kfa,
	title        = {{Spinning AdS Propagators}},
	author       = {Costa, Miguel S. and Gonçalves, Vasco and Penedones, João},
	year         = 2014,
	journal      = {JHEP},
	volume       = {09},
	pages        = {064},
	doi          = {10.1007/JHEP09(2014)064},
	eprint       = {1404.5625},
	archiveprefix = {arXiv},
	primaryclass = {hep-th},
	slaccitation = {%%CITATION = ARXIV:1404.5625;%%}
}
@article{Costa:2016hju,
	title        = {{Projectors and seed conformal blocks for traceless mixed-symmetry tensors}},
	author       = {Costa, Miguel S. and Hansen, Tobias and Penedones, Joao and Trevisani, Emilio},
	year         = 2016,
	journal      = {JHEP},
	volume       = {07},
	pages        = {018},
	doi          = {10.1007/JHEP07(2016)018},
	eprint       = {1603.05551},
	archiveprefix = {arXiv},
	primaryclass = {hep-th},
	reportnumber = {CERN-TH-2016-080}
}
@article{Costa:2018mcg,
	title        = {{AdS Weight Shifting Operators}},
	author       = {Costa, Miguel S. and Hansen, Tobias},
	year         = 2018,
	journal      = {JHEP},
	volume       = {09},
	pages        = {040},
	doi          = {10.1007/JHEP09(2018)040},
	eprint       = {1805.01492},
	archiveprefix = {arXiv},
	primaryclass = {hep-th}
}
@article{DAppollonio:2013mgj,
	title        = {{Microscopic unitary description of tidal excitations in high-energy string-brane collisions}},
	author       = {D'Appollonio, Giuseppe and Di Vecchia, Paolo and Russo, Rodolfo and Veneziano, Gabriele},
	year         = 2013,
	journal      = {JHEP},
	volume       = 11,
	pages        = 126,
	doi          = {10.1007/JHEP11(2013)126},
	eprint       = {1310.1254},
	archiveprefix = {arXiv},
	primaryclass = {hep-th},
	reportnumber = {CERN-PH-TH-2013-227}
}
@article{Fitzpatrick:2011dm,
	title        = {{Unitarity and the Holographic S-Matrix}},
	author       = {Fitzpatrick, A.Liam and Kaplan, Jared},
	year         = 2012,
	journal      = {JHEP},
	volume       = 10,
	pages        = {032},
	doi          = {10.1007/JHEP10(2012)032},
	eprint       = {1112.4845},
	archiveprefix = {arXiv},
	primaryclass = {hep-th},
	reportnumber = {SLAC-PUB-14979}
}
@article{Hanany:2010da,
	title        = {{The Covariant perturbative string spectrum}},
	author       = {Hanany, Amihay and Forcella, Davide and Troost, Jan},
	year         = 2011,
	journal      = {Nucl. Phys. B},
	volume       = 846,
	pages        = {212--225},
	doi          = {10.1016/j.nuclphysb.2011.01.002},
	eprint       = {1007.2622},
	archiveprefix = {arXiv},
	primaryclass = {hep-th}
}
@article{Karateev:2017jgd,
	title        = {{Weight Shifting Operators and Conformal Blocks}},
	author       = {Karateev, Denis and Kravchuk, Petr and Simmons-Duffin, David},
	year         = 2018,
	journal      = {JHEP},
	volume       = {02},
	pages        = {081},
	doi          = {10.1007/JHEP02(2018)081},
	eprint       = {1706.07813},
	archiveprefix = {arXiv},
	primaryclass = {hep-th},
	reportnumber = {CALT-TH-2017-031}
}
@article{Karateev:2018oml,
	title        = {{Harmonic Analysis and Mean Field Theory}},
	author       = {Karateev, Denis and Kravchuk, Petr and Simmons-Duffin, David},
	year         = 2019,
	journal      = {JHEP},
	volume       = 10,
	pages        = 217,
	doi          = {10.1007/JHEP10(2019)217},
	eprint       = {1809.05111},
	archiveprefix = {arXiv},
	primaryclass = {hep-th},
	reportnumber = {CALT-TH 2018-036}
}
@article{Komatsu:2020sag,
	title        = {{Landau diagrams in AdS and S-matrices from conformal correlators}},
	author       = {Komatsu, Shota and Paulos, Miguel F. and van Rees, Balt C. and Zhao, Xiang},
	year         = 2020,
	month        = 7,
	eprint       = {2007.13745},
	archiveprefix = {arXiv},
	primaryclass = {hep-th}
}
@article{Kotikov:2002ab,
	title        = {{DGLAP and BFKL equations in the $N=4$ supersymmetric gauge theory}},
	author       = {Kotikov, A.V. and Lipatov, L.N.},
	year         = 2003,
	journal      = {Nucl. Phys. B},
	volume       = 661,
	pages        = {19--61},
	doi          = {10.1016/S0550-3213(03)00264-5},
	note         = {[Erratum: Nucl.Phys.B 685, 405--407 (2004)]},
	eprint       = {hep-ph/0208220},
	archiveprefix = {arXiv}
}
@article{Kotikov:2007cy,
	title        = {{Dressing and wrapping}},
	author       = {Kotikov, A.V. and Lipatov, L.N. and Rej, A. and Staudacher, M. and Velizhanin, V.N.},
	year         = 2007,
	journal      = {J. Stat. Mech.},
	volume       = {0710},
	pages        = {P10003},
	doi          = {10.1088/1742-5468/2007/10/P10003},
	eprint       = {0704.3586},
	archiveprefix = {arXiv},
	primaryclass = {hep-th},
	reportnumber = {AEI-2007-024}
}
@article{Meltzer:2019pyl,
	title        = {{AdS/CFT Unitarity at Higher Loops: High-Energy String Scattering}},
	author       = {Meltzer, David},
	year         = 2020,
	journal      = {JHEP},
	volume       = {05},
	pages        = 133,
	doi          = {10.1007/JHEP05(2020)133},
	eprint       = {1912.05580},
	archiveprefix = {arXiv},
	primaryclass = {hep-th}
}
@article{Meltzer:2019nbs,
	title        = {{Unitarity Methods in AdS/CFT}},
	author       = {Meltzer, David and Perlmutter, Eric and Sivaramakrishnan, Allic},
	year         = 2020,
	journal      = {JHEP},
	volume       = {03},
	pages        = {061},
	doi          = {10.1007/JHEP03(2020)061},
	eprint       = {1912.09521},
	archiveprefix = {arXiv},
	primaryclass = {hep-th},
	reportnumber = {CALT-TH-2019-052}
}
@article{Meltzer:2020qbr,
	title        = {{CFT unitarity and the AdS Cutkosky rules}},
	author       = {Meltzer, David and Sivaramakrishnan, Allic},
	year         = 2020,
	journal      = {JHEP},
	volume       = 11,
	pages        = {073},
	doi          = {10.1007/JHEP11(2020)073},
	eprint       = {2008.11730},
	archiveprefix = {arXiv},
	primaryclass = {hep-th},
	reportnumber = {CALT-TH-2020-032}
}
@article{Caron_Huot_2017,
	title        = {{Analyticity in Spin in Conformal Theories}},
	author       = {Caron-Huot, Simon},
	year         = 2017,
	journal      = {JHEP},
	volume       = {09},
	pages        = {078},
	doi          = {10.1007/JHEP09(2017)078},
	eprint       = {1703.00278},
	archiveprefix = {arXiv},
	primaryclass = {hep-th}
}
@article{Caron-Huot:2020nem,
	title        = {{Conformal Regge Theory at Finite Boost}},
	author       = {Caron-Huot, Simon and Sandor, Joshua},
	year         = 2020,
	month        = 8,
	eprint       = {2008.11759},
	archiveprefix = {arXiv},
	primaryclass = {hep-th}
}
@article{Cornalba:2009ax,
	title        = {{Deep Inelastic Scattering in Conformal QCD}},
	author       = {Cornalba, Lorenzo and Costa, Miguel S. and Penedones, Joao},
	year         = 2010,
	journal      = {JHEP},
	volume       = {03},
	pages        = 133,
	doi          = {10.1007/JHEP03(2010)133},
	eprint       = {0911.0043},
	archiveprefix = {arXiv},
	primaryclass = {hep-th},
	reportnumber = {CERN-PH-TH-2009-185, NSF-KITP-09-193}
}
@article{Karateev_2019,
	title        = {{Harmonic Analysis and Mean Field Theory}},
	author       = {Karateev, Denis and Kravchuk, Petr and Simmons-Duffin, David},
	year         = 2019,
	journal      = {JHEP},
	volume       = 10,
	pages        = 217,
	doi          = {10.1007/JHEP10(2019)217},
	eprint       = {1809.05111},
	archiveprefix = {arXiv},
	primaryclass = {hep-th},
	reportnumber = {CALT-TH 2018-036}
}
@article{Liu_2019,
	title        = {{$d$-dimensional SYK, AdS Loops, and $6j$ Symbols}},
	author       = {Liu, Junyu and Perlmutter, Eric and Rosenhaus, Vladimir and Simmons-Duffin, David},
	year         = 2019,
	journal      = {JHEP},
	volume       = {03},
	pages        = {052},
	doi          = {10.1007/JHEP03(2019)052},
	eprint       = {1808.00612},
	archiveprefix = {arXiv},
	primaryclass = {hep-th},
	reportnumber = {CALT-TH-2018-023}
}
@article{Simmons_Duffin_2018,
	title        = {{A spacetime derivation of the Lorentzian OPE inversion formula}},
	author       = {Simmons-Duffin, David and Stanford, Douglas and Witten, Edward},
	year         = 2018,
	journal      = {JHEP},
	volume       = {07},
	pages        = {085},
	doi          = {10.1007/JHEP07(2018)085},
	eprint       = {1711.03816},
	archiveprefix = {arXiv},
	primaryclass = {hep-th}
}
@article{Kulaxizi_2018,
	title        = {{Bulk Phase Shift, CFT Regge Limit and Einstein Gravity}},
	author       = {Kulaxizi, Manuela and Parnachev, Andrei and Zhiboedov, Alexander},
	year         = 2018,
	journal      = {JHEP},
	volume       = {06},
	pages        = 121,
	doi          = {10.1007/JHEP06(2018)121},
	eprint       = {1705.02934},
	archiveprefix = {arXiv},
	primaryclass = {hep-th}
}
@misc{dolan2011conformal,
	title        = {{Conformal Partial Waves: Further Mathematical Results}},
	author       = {Dolan, F.A. and Osborn, H.},
	year         = 2011,
	month        = 8,
	eprint       = {1108.6194},
	archiveprefix = {arXiv},
	primaryclass = {hep-th},
	reportnumber = {DAMTP-11-64, CCTP-2011-32}
}
@article{Simmons_Duffin_2014,
	title        = {{Projectors, Shadows, and Conformal Blocks}},
	author       = {Simmons-Duffin, David},
	year         = 2014,
	journal      = {JHEP},
	volume       = {04},
	pages        = 146,
	doi          = {10.1007/JHEP04(2014)146},
	eprint       = {1204.3894},
	archiveprefix = {arXiv},
	primaryclass = {hep-th}
}
@article{Kravchuk:2018htv,
	title        = {{Light-ray operators in conformal field theory}},
	author       = {Kravchuk, Petr and Simmons-Duffin, David},
	year         = 2018,
	journal      = {JHEP},
	volume       = 11,
	pages        = 102,
	doi          = {10.1007/JHEP11(2018)102},
	eprint       = {1805.00098},
	archiveprefix = {arXiv},
	primaryclass = {hep-th},
	reportnumber = {CALT-TH 2018-018}
}
@article{Caron-Huot:2020adz,
	title        = {{Dispersive CFT Sum Rules}},
	author       = {Caron-Huot, Simon and Mazac, Dalimil and Rastelli, Leonardo and Simmons-Duffin, David},
	year         = 2020,
	month        = 8,
	eprint       = {2008.04931},
	archiveprefix = {arXiv},
	primaryclass = {hep-th}
}
@article{Aharony:2016dwx,
	title        = {{Loops in AdS from Conformal Field Theory}},
	author       = {Aharony, Ofer and Alday, Luis F. and Bissi, Agnese and Perlmutter, Eric},
	year         = 2017,
	journal      = {JHEP},
	volume       = {07},
	pages        = {036},
	doi          = {10.1007/JHEP07(2017)036},
	eprint       = {1612.03891},
	archiveprefix = {arXiv},
	primaryclass = {hep-th}
}
@mastersthesis{Penedones:2007ns,
	title        = {{High Energy Scattering in the AdS/CFT Correspondence}},
	author       = {Penedones, Joao},
	year         = 2007,
	month        = 12,
	eprint       = {0712.0802},
	archiveprefix = {arXiv},
	primaryclass = {hep-th},
	type         = {Other thesis}
}
@article{Cornalba:2006xm,
	title        = {{Eikonal Approximation in AdS/CFT: Conformal Partial Waves and Finite N Four-Point Functions}},
	author       = {Cornalba, Lorenzo and Costa, Miguel S. and Penedones, Joao and Schiappa, Ricardo},
	year         = 2007,
	journal      = {Nucl. Phys. B},
	volume       = 767,
	pages        = {327--351},
	doi          = {10.1016/j.nuclphysb.2007.01.007},
	eprint       = {hep-th/0611123},
	archiveprefix = {arXiv},
	reportnumber = {ROM2F-2006-26, LPTENS-06-50, CERN-PH-TH-2006-234}
}
@article{Lemos:2017vnx,
	title        = {{Universality at large transverse spin in defect CFT}},
	author       = {Lemos, Madalena and Liendo, Pedro and Meineri, Marco and Sarkar, Sourav},
	year         = 2018,
	journal      = {JHEP},
	volume       = {09},
	pages        = {091},
	doi          = {10.1007/JHEP09(2018)091},
	eprint       = {1712.08185},
	archiveprefix = {arXiv},
	primaryclass = {hep-th},
	reportnumber = {DESY 17-239, HU-EP-17/31, DESY-17-239, HU-EP-17-31}
}
@article{Cornalba:2006xk,
	title        = {{Eikonal Approximation in AdS/CFT: From Shock Waves to Four-Point Functions}},
	author       = {Cornalba, Lorenzo and Costa, Miguel S. and Penedones, Joao and Schiappa, Ricardo},
	year         = 2007,
	journal      = {JHEP},
	volume       = {08},
	pages        = {019},
	doi          = {10.1088/1126-6708/2007/08/019},
	eprint       = {hep-th/0611122},
	archiveprefix = {arXiv},
	reportnumber = {ROM2F-2006-25, LPTENS-06-49, CERN-PH-TH-2006-233}
}
@article{Amati:1987wq,
	title        = {{Superstring Collisions at Planckian Energies}},
	author       = {Amati, D. and Ciafaloni, M. and Veneziano, G.},
	year         = 1987,
	journal      = {Phys. Lett. B},
	volume       = 197,
	pages        = 81,
	doi          = {10.1016/0370-2693(87)90346-7},
	reportnumber = {CERN-TH-4782/87}
}
@article{Amati:1988tn,
	title        = {{Can Space-Time Be Probed Below the String Size?}},
	author       = {Amati, D. and Ciafaloni, M. and Veneziano, G.},
	year         = 1989,
	journal      = {Phys. Lett. B},
	volume       = 216,
	pages        = {41--47},
	doi          = {10.1016/0370-2693(89)91366-X},
	reportnumber = {CERN-TH-5207-88, SISSA-121-88-EP}
}
@article{Maldacena:1997re,
	title        = {{The Large N limit of superconformal field theories and supergravity}},
	author       = {Maldacena, Juan Martin},
	year         = 1999,
	journal      = {Int. J. Theor. Phys.},
	volume       = 38,
	pages        = {1113--1133},
	doi          = {10.1023/A:1026654312961},
	eprint       = {hep-th/9711200},
	archiveprefix = {arXiv},
	reportnumber = {HUTP-97-A097, HUTP-98-A097}
}
@article{Witten:1998qj,
	title        = {{Anti-de Sitter space and holography}},
	author       = {Witten, Edward},
	year         = 1998,
	journal      = {Adv. Theor. Math. Phys.},
	volume       = 2,
	pages        = {253--291},
	doi          = {10.4310/ATMP.1998.v2.n2.a2},
	eprint       = {hep-th/9802150},
	archiveprefix = {arXiv},
	reportnumber = {IASSNS-HEP-98-15}
}
@article{Gubser:1998bc,
	title        = {{Gauge theory correlators from noncritical string theory}},
	author       = {Gubser, S.S. and Klebanov, Igor R. and Polyakov, Alexander M.},
	year         = 1998,
	journal      = {Phys. Lett. B},
	volume       = 428,
	pages        = {105--114},
	doi          = {10.1016/S0370-2693(98)00377-3},
	eprint       = {hep-th/9802109},
	archiveprefix = {arXiv},
	reportnumber = {PUPT-1767}
}
@article{Brower:2007qh,
	title        = {{On the eikonal approximation in AdS space}},
	author       = {Brower, Richard C. and Strassler, Matthew J. and Tan, Chung-I},
	year         = 2009,
	journal      = {JHEP},
	volume       = {03},
	pages        = {050},
	doi          = {10.1088/1126-6708/2009/03/050},
	eprint       = {0707.2408},
	archiveprefix = {arXiv},
	primaryclass = {hep-th}
}
@article{Brower:2007xg,
	title        = {{On The Pomeron at Large 't Hooft Coupling}},
	author       = {Brower, Richard C. and Strassler, Matthew J. and Tan, Chung-I},
	year         = 2009,
	journal      = {JHEP},
	volume       = {03},
	pages        = {092},
	doi          = {10.1088/1126-6708/2009/03/092},
	eprint       = {0710.4378},
	archiveprefix = {arXiv},
	primaryclass = {hep-th}
}
@article{Ademollo:1989ag,
	title        = {{Superstring Regge Amplitudes and Emission Vertices}},
	author       = {Ademollo, M. and Bellini, A. and Ciafaloni, M.},
	year         = 1989,
	journal      = {Phys. Lett. B},
	volume       = 223,
	pages        = {318--324},
	doi          = {10.1016/0370-2693(89)91609-2},
	reportnumber = {Print-89-0802 (FLORENCE)}
}
@article{Ademollo:1990sd,
	title        = {{Superstring Regge Amplitudes and Graviton Radiation at Planckian Energies}},
	author       = {Ademollo, M. and Bellini, A. and Ciafaloni, M.},
	year         = 1990,
	journal      = {Nucl. Phys. B},
	volume       = 338,
	pages        = {114--142},
	doi          = {10.1016/0550-3213(90)90626-O},
	reportnumber = {DFF-108-10-89}
}
@article{Sundborg:1988tb,
	title        = {{High-energy Asymptotics: The One Loop String Amplitude and Resummation}},
	author       = {Sundborg, B.},
	year         = 1988,
	journal      = {Nucl. Phys. B},
	volume       = 306,
	pages        = {545--566},
	doi          = {10.1016/0550-3213(88)90014-4}
}
@article{Gross:1987kza,
	title        = {{The High-Energy Behavior of String Scattering Amplitudes}},
	author       = {Gross, David J. and Mende, Paul F.},
	year         = 1987,
	journal      = {Phys. Lett. B},
	volume       = 197,
	pages        = {129--134},
	doi          = {10.1016/0370-2693(87)90355-8},
	reportnumber = {PUPT-1062}
}
@article{Gross:1987ar,
	title        = {{String Theory Beyond the Planck Scale}},
	author       = {Gross, David J. and Mende, Paul F.},
	year         = 1988,
	journal      = {Nucl. Phys. B},
	volume       = 303,
	pages        = {407--454},
	doi          = {10.1016/0550-3213(88)90390-2},
	reportnumber = {PUPT-1067}
}
@article{Regge:1959mz,
	title        = {{Introduction to complex orbital momenta}},
	author       = {Regge, T.},
	year         = 1959,
	journal      = {Nuovo Cim.},
	volume       = 14,
	pages        = 951,
	doi          = {10.1007/BF02728177}
}
@article{Alday:2017vkk,
	title        = {{Gravitational S-matrix from CFT dispersion relations}},
	author       = {Alday, Luis F. and Caron-Huot, Simon},
	year         = 2018,
	journal      = {JHEP},
	volume       = 12,
	pages        = {017},
	doi          = {10.1007/JHEP12(2018)017},
	eprint       = {1711.02031},
	archiveprefix = {arXiv},
	primaryclass = {hep-th}
}
@manual{sagemath,
	title        = {{S}ageMath, the {S}age {M}athematics {S}oftware {S}ystem ({V}ersion 9.1)},
	author       = {{The Sage Developers}},
	year         = 2020,
	note         = {{\tt https://www.sagemath.org}},
	key          = {SageMath}
}
@article{Hartman:2015lfa,
	title        = {{Causality Constraints in Conformal Field Theory}},
	author       = {Hartman, Thomas and Jain, Sachin and Kundu, Sandipan},
	year         = 2016,
	journal      = {JHEP},
	volume       = {05},
	pages        = {099},
	doi          = {10.1007/JHEP05(2016)099},
	eprint       = {1509.00014},
	archiveprefix = {arXiv},
	primaryclass = {hep-th}
}
@article{Gillioz:2018mto,
	title        = {{Momentum-space conformal blocks on the light cone}},
	author       = {Gillioz, Marc},
	year         = 2018,
	journal      = {JHEP},
	volume       = 10,
	pages        = 125,
	doi          = {10.1007/JHEP10(2018)125},
	eprint       = {1807.07003},
	archiveprefix = {arXiv},
	primaryclass = {hep-th}
}
@article{Carmi:2018qzm,
	title        = {{A Study of Quantum Field Theories in AdS at Finite Coupling}},
	author       = {Carmi, Dean and Di Pietro, Lorenzo and Komatsu, Shota},
	year         = 2019,
	journal      = {JHEP},
	volume       = {01},
	pages        = 200,
	doi          = {10.1007/JHEP01(2019)200},
	eprint       = {1810.04185},
	archiveprefix = {arXiv},
	primaryclass = {hep-th}
}
@article{Ferrara:1972uq,
	title        = {{The shadow operator formalism for conformal algebra. Vacuum expectation values and operator products}},
	author       = {Ferrara, S. and Grillo, A.F. and Parisi, G. and Gatto, R.},
	year         = 1972,
	journal      = {Lett. Nuovo Cim.},
	volume       = {4S2},
	pages        = {115--120},
	doi          = {10.1007/BF02907130}
}
@book{Dobrev:1977qv,
	title        = {{Harmonic Analysis on the n-Dimensional Lorentz Group and Its Application to Conformal Quantum Field Theory}},
	author       = {Dobrev, V.K. and Mack, G. and Petkova, V.B. and Petrova, S.G. and Todorov, I.T.},
	year         = 1977,
	volume       = 63,
	doi          = {10.1007/BFb0009678}
}
@article{Liendo:2019jpu,
	title        = {{A Lorentzian inversion formula for defect CFT}},
	author       = {Liendo, Pedro and Linke, Yannick and Schomerus, Volker},
	year         = 2020,
	journal      = {JHEP},
	volume       = {08},
	pages        = 163,
	doi          = {10.1007/JHEP08(2020)163},
	eprint       = {1903.05222},
	archiveprefix = {arXiv},
	primaryclass = {hep-th},
	reportnumber = {DESY-19-039}
}
@article{Ponomarev:2019ofr,
	title        = {{From bulk loops to boundary large-N expansion}},
	author       = {Ponomarev, Dmitry},
	year         = 2020,
	journal      = {JHEP},
	volume       = {01},
	pages        = 154,
	doi          = {10.1007/JHEP01(2020)154},
	eprint       = {1908.03974},
	archiveprefix = {arXiv},
	primaryclass = {hep-th}
}
