
@article{Kos:2016ysd,
  author        = {Kos, Filip and Poland, David and Simmons-Duffin, David and Vichi, Alessandro},
  title         = {{Precision Islands in the Ising and $O(N)$ Models}},
  eprint        = {1603.04436},
  archiveprefix = {arXiv},
  primaryclass  = {hep-th},
  reportnumber  = {CERN-TH-2016-050},
  doi           = {10.1007/JHEP08(2016)036},
  journal       = {JHEP},
  volume        = {08},
  pages         = {036},
  year          = {2016}
}

@article{Buric:2020dyz,
  author        = {Buric, Ilija and Lacroix, Sylvain and Mann, Jeremy A. and Quintavalle, Lorenzo and Schomerus, Volker},
  title         = {{From Gaudin Integrable Models to $d$-dimensional Multipoint Conformal Blocks}},
  eprint        = {2009.11882},
  archiveprefix = {arXiv},
  primaryclass  = {hep-th},
  reportnumber  = {DESY-20-157, DESY 20-157, ZMP-HH/20-25, SAGEX-20-22-E},
  doi           = {10.1103/PhysRevLett.126.021602},
  journal       = {Phys. Rev. Lett.},
  volume        = {126},
  number        = {2},
  pages         = {021602},
  year          = {2021}
}

@article{Buric:2021ywo,
  author        = {Buric, Ilija and Lacroix, Sylvain and Mann, Jeremy A. and Quintavalle, Lorenzo and Schomerus, Volker},
  title         = {{Gaudin models and multipoint conformal blocks: general theory}},
  eprint        = {2105.00021},
  archiveprefix = {arXiv},
  primaryclass  = {hep-th},
  reportnumber  = {DESY-21-052, DESY 21-052, SAGEX21-08-E, ZMP-HH/21-8},
  doi           = {10.1007/JHEP10(2021)139},
  journal       = {JHEP},
  volume        = {10},
  pages         = {139},
  year          = {2021}
}
@article{Buric:2021ttm,
  author        = {Buric, Ilija and Lacroix, Sylvain and Mann, Jeremy A. and Quintavalle, Lorenzo and Schomerus, Volker},
  title         = {{Gaudin models and multipoint conformal blocks. Part II. Comb channel vertices in 3D and 4D}},
  eprint        = {2108.00023},
  archiveprefix = {arXiv},
  primaryclass  = {hep-th},
  reportnumber  = {DESY 21-105, SAGEX-21-14-E, ZMP-HH/21-15},
  doi           = {10.1007/JHEP11(2021)182},
  journal       = {JHEP},
  volume        = {11},
  pages         = {182},
  year          = {2021}
}
@article{Buric:2021kgy,
  author        = {Buric, Ilija and Lacroix, Sylvain and Mann, Jeremy A. and Quintavalle, Lorenzo and Schomerus, Volker},
  title         = {{Gaudin models and multipoint conformal blocks III: comb channel coordinates and OPE factorisation}},
  eprint        = {2112.10827},
  archiveprefix = {arXiv},
  primaryclass  = {hep-th},
  doi           = {10.1007/JHEP06(2022)144},
  journal       = {JHEP},
  volume        = {06},
  pages         = {144},
  year          = {2022}
}

@article{Poland:2021xjs,
  author        = {Poland, David and Prilepina, Valentina},
  title         = {{Recursion relations for 5-point conformal blocks}},
  eprint        = {2103.12092},
  archiveprefix = {arXiv},
  primaryclass  = {hep-th},
  doi           = {10.1007/JHEP10(2021)160},
  journal       = {JHEP},
  volume        = {10},
  pages         = {160},
  year          = {2021}
}

@article{Goncalves:2019znr,
  author        = {Gon\c{c}alves, Vasco and Pereira, Raul and Zhou, Xinan},
  title         = {{$20'$ Five-Point Function from $AdS_5\times S^5$ Supergravity}},
  eprint        = {1906.05305},
  archiveprefix = {arXiv},
  primaryclass  = {hep-th},
  reportnumber  = {PUPT-2588},
  doi           = {10.1007/JHEP10(2019)247},
  journal       = {JHEP},
  volume        = {10},
  pages         = {247},
  year          = {2019}
}

@article{Bercini:2020msp,
  author        = {Bercini, Carlos and Gon\c{c}alves, Vasco and Vieira, Pedro},
  title         = {{Light-Cone Bootstrap of Higher Point Functions and Wilson Loop Duality}},
  eprint        = {2008.10407},
  archiveprefix = {arXiv},
  primaryclass  = {hep-th},
  doi           = {10.1103/PhysRevLett.126.121603},
  journal       = {Phys. Rev. Lett.},
  volume        = {126},
  number        = {12},
  pages         = {121603},
  year          = {2021}
}

@article{Antunes:2021kmm,
  author        = {Antunes, Ant\'onio and Costa, Miguel S. and Goncalves, Vasco and Boas, Joao Vilas},
  title         = {{Lightcone bootstrap at higher points}},
  eprint        = {2111.05453},
  archiveprefix = {arXiv},
  primaryclass  = {hep-th},
  doi           = {10.1007/JHEP03(2022)139},
  journal       = {JHEP},
  volume        = {03},
  pages         = {139},
  year          = {2022}
}

@article{Fortin:2019zkm,
  author        = {Fortin, Jean-Fran\c{c}ois and Ma, Wenjie and Skiba, Witold},
  title         = {{Higher-Point Conformal Blocks in the Comb Channel}},
  eprint        = {1911.11046},
  archiveprefix = {arXiv},
  primaryclass  = {hep-th},
  doi           = {10.1007/JHEP07(2020)213},
  journal       = {JHEP},
  volume        = {07},
  pages         = {213},
  year          = {2020}
}

@article{Fortin:2020yjz,
  author        = {Fortin, Jean-Fran\c{c}ois and Ma, Wen-Jie and Skiba, Witold},
  title         = {{Six-point conformal blocks in the snowflake channel}},
  eprint        = {2004.02824},
  archiveprefix = {arXiv},
  primaryclass  = {hep-th},
  doi           = {10.1007/JHEP11(2020)147},
  journal       = {JHEP},
  volume        = {11},
  pages         = {147},
  year          = {2020}
}

@article{Fortin:2020bfq,
  author        = {Fortin, Jean-Fran\c{c}ois and Ma, Wen-Jie and Skiba, Witold},
  title         = {{Seven-point conformal blocks in the extended snowflake channel and beyond}},
  eprint        = {2006.13964},
  archiveprefix = {arXiv},
  primaryclass  = {hep-th},
  doi           = {10.1103/PhysRevD.102.125007},
  journal       = {Phys. Rev. D},
  volume        = {102},
  number        = {12},
  pages         = {125007},
  year          = {2020}
}

@article{Parikh:2019dvm,
  author        = {Parikh, Sarthak},
  title         = {{A multipoint conformal block chain in $d$ dimensions}},
  eprint        = {1911.09190},
  archiveprefix = {arXiv},
  primaryclass  = {hep-th},
  doi           = {10.1007/JHEP05(2020)120},
  journal       = {JHEP},
  volume        = {05},
  pages         = {120},
  year          = {2020}
}

@article{Rosenhaus:2018zqn,
  author        = {Rosenhaus, Vladimir},
  title         = {{Multipoint Conformal Blocks in the Comb Channel}},
  eprint        = {1810.03244},
  archiveprefix = {arXiv},
  primaryclass  = {hep-th},
  doi           = {10.1007/JHEP02(2019)142},
  journal       = {JHEP},
  volume        = {02},
  pages         = {142},
  year          = {2019}
}

@article{Goncalves:2023oyx,
  author        = {Gon\c{c}alves, Vasco and Meneghelli, Carlo and Pereira, Raul and Vilas Boas, Joao and Zhou, Xinan},
  title         = {{Kaluza-Klein Five-Point Functions from $\textrm{AdS}_5\times S_5$ Supergravity}},
  eprint        = {2302.01896},
  archiveprefix = {arXiv},
  primaryclass  = {hep-th},
  month         = {2},
  year          = {2023}
}

@article{Alday:2022lkk,
  author        = {Alday, Luis F. and Gon\c{c}alves, Vasco and Zhou, Xinan},
  title         = {{Supersymmetric Five-Point Gluon Amplitudes in AdS Space}},
  eprint        = {2201.04422},
  archiveprefix = {arXiv},
  primaryclass  = {hep-th},
  doi           = {10.1103/PhysRevLett.128.161601},
  journal       = {Phys. Rev. Lett.},
  volume        = {128},
  number        = {16},
  pages         = {161601},
  year          = {2022}
}

@article{Bargheer:2019lic,
  author        = {Bargheer, Till and Chestnov, Vsevolod and Schomerus, Volker},
  title         = {{The Multi-Regge Limit from the Wilson Loop OPE}},
  eprint        = {1906.00990},
  archiveprefix = {arXiv},
  primaryclass  = {hep-th},
  reportnumber  = {DESY-19-099},
  doi           = {10.1007/JHEP05(2020)002},
  journal       = {JHEP},
  volume        = {05},
  pages         = {002},
  year          = {2020}
}

@article{Brower:2008nm,
  author        = {Brower, Richard C. and Nastase, Horatiu and Schnitzer, Howard J. and Tan, Chung-I.},
  title         = {{Implications of multi-Regge limits for the Bern-Dixon-Smirnov conjecture}},
  eprint        = {0801.3891},
  archiveprefix = {arXiv},
  primaryclass  = {hep-th},
  doi           = {10.1016/j.nuclphysb.2009.02.009},
  journal       = {Nucl. Phys. B},
  volume        = {814},
  pages         = {293--326},
  year          = {2009}
}

@article{DelDuca:2019tur,
  author        = {Del Duca, V. and Druc, S. and Drummond, J. M. and Duhr, C. and Dulat, F. and Marzucca, R. and Papathanasiou, G. and Verbeek, B.},
  title         = {{All-order amplitudes at any multiplicity in the multi-Regge limit}},
  eprint        = {1912.00188},
  archiveprefix = {arXiv},
  primaryclass  = {hep-th},
  reportnumber  = {DESY-19-180, CERN-TH-2019-204, IPPP/19/86, UUITP-48/19, SLAC-PUB-17491},
  doi           = {10.1103/PhysRevLett.124.161602},
  journal       = {Phys. Rev. Lett.},
  volume        = {124},
  number        = {16},
  pages         = {161602},
  year          = {2020}
}

@article{DelDuca:2018raq,
  author        = {Del Duca, Vittorio and Duhr, Claude and Dulat, Falko and Penante, Brenda},
  title         = {{All two-loop MHV remainder functions in multi-Regge kinematics}},
  eprint        = {1811.10398},
  archiveprefix = {arXiv},
  primaryclass  = {hep-th},
  reportnumber  = {CERN-TH-2018-256, CP3-18-66, SLAC-PUB-17357},
  doi           = {10.1007/JHEP01(2019)162},
  journal       = {JHEP},
  volume        = {01},
  pages         = {162},
  year          = {2019}
}

@article{DelDuca:2018rhj,
  author        = {Del Duca, Vittorio and Druc, Stefan and Drummond, James and Duhr, Claude and Dulat, Falko and Marzucca, Robin and Papathanasiou, Georgios and Verbeek, Bram},
  editor        = {Bruzda, Wojciech and G\'orz-Kud\l{}acz, Agata and Stankiewicz, Krystyna and Zachorowska-Such, El\.zbieta},
  title         = {{Amplitudes in the Multi-Regge Limit of $\mathcal{N}$=4 SYM}},
  eprint        = {1811.10588},
  archiveprefix = {arXiv},
  primaryclass  = {hep-th},
  reportnumber  = {CERN-TH-2018-252, CP3-18-64, DESY-18-190},
  doi           = {10.5506/APhysPolBSupp.12.961},
  journal       = {Acta Phys. Polon. Supp.},
  volume        = {12},
  number        = {4},
  pages         = {961--966},
  year          = {2019}
}

@article{DelDuca:2018hrv,
  author        = {Del Duca, Vittorio and Druc, Stefan and Drummond, James and Duhr, Claude and Dulat, Falko and Marzucca, Robin and Papathanasiou, Georgios and Verbeek, Bram},
  title         = {{The seven-gluon amplitude in multi-Regge kinematics beyond leading logarithmic accuracy}},
  eprint        = {1801.10605},
  archiveprefix = {arXiv},
  primaryclass  = {hep-th},
  reportnumber  = {DESY-18-009, CERN-TH-2018-016, CP3-18-06, SLAC-PUB-17220},
  doi           = {10.1007/JHEP06(2018)116},
  journal       = {JHEP},
  volume        = {06},
  pages         = {116},
  year          = {2018}
}

@article{DelDuca:2016lad,
  author        = {Del Duca, Vittorio and Druc, Stefan and Drummond, James and Duhr, Claude and Dulat, Falko and Marzucca, Robin and Papathanasiou, Georgios and Verbeek, Bram},
  title         = {{Multi-Regge kinematics and the moduli space of Riemann spheres with marked points}},
  eprint        = {1606.08807},
  archiveprefix = {arXiv},
  primaryclass  = {hep-th},
  reportnumber  = {CP3-16-32, CERN-TH-2016-143, SLAC-PUB-16659},
  doi           = {10.1007/JHEP08(2016)152},
  journal       = {JHEP},
  volume        = {08},
  pages         = {152},
  year          = {2016}
}

@article{Caron-Huot:2020vlo,
  author        = {Caron-Huot, Simon and Chicherin, Dmitry and Henn, Johannes and Zhang, Yang and Zoia, Simone},
  title         = {{Multi-Regge Limit of the Two-Loop Five-Point Amplitudes in $\mathcal{N} = 4$ Super Yang-Mills and $\mathcal{N} = 8$ Supergravity}},
  eprint        = {2003.03120},
  archiveprefix = {arXiv},
  primaryclass  = {hep-th},
  doi           = {10.1007/JHEP10(2020)188},
  journal       = {JHEP},
  volume        = {10},
  pages         = {188},
  year          = {2020}
}




@article{Caron-Huot:2020nem,
  title         = {{Conformal Regge Theory at Finite Boost}},
  author        = {Caron-Huot, Simon and Sandor, Joshua},
  year          = 2021,
  journal       = {Jhep},
  volume        = {05},
  pages         = {059},
  doi           = {10.1007/jhep05(2021)059},
  eprint        = {2008.11759},
  archiveprefix = {arXiv},
  primaryclass  = {hep-th}
}
@article{Maldacena:2015iua,
  title         = {{Looking for a bulk point}},
  author        = {Maldacena, Juan and Simmons-Duffin, David and Zhiboedov, Alexander},
  year          = 2017,
  journal       = {JHEP},
  volume        = {01},
  pages         = {013},
  doi           = {10.1007/JHEP01(2017)013},
  eprint        = {1509.03612},
  archiveprefix = {arXiv},
  primaryclass  = {hep-th}
}
@article{Costa:2014kfa,
  title         = {{Spinning AdS Propagators}},
  author        = {Costa, Miguel S. and Gon\c{c}alves, Vasco and Penedones, Jo\~ao},
  year          = 2014,
  journal       = {Jhep},
  volume        = {09},
  pages         = {064},
  doi           = {10.1007/jhep09(2014)064},
  eprint        = {1404.5625},
  archiveprefix = {arXiv},
  primaryclass  = {hep-th}
}
@article{Bercini:2021jti,
  title         = {{The Wilson loop \textemdash{} large spin OPE dictionary}},
  author        = {Bercini, Carlos and Gon\c{c}alves, Vasco and Homrich, Alexandre and Vieira, Pedro},
  year          = 2022,
  journal       = {Jhep},
  volume        = {07},
  pages         = {079},
  doi           = {10.1007/jhep07(2022)079},
  eprint        = {2110.04364},
  archiveprefix = {arXiv},
  primaryclass  = {hep-th}
}
@book{Donnachie:2002en,
  title     = {{Pomeron physics and QCD}},
  author    = {Donnachie, S. and Dosch, Hans Gunter and Nachtmann, O. and Landshoff, P.},
  year      = 2004,
  month     = 12,
  publisher = {Cambridge University Press},
  volume    = 19,
  isbn      = {978-0-511-06050-2, 978-0-521-78039-1, 978-0-521-67570-3}
}
@article{Gribov:1961ex,
  title   = {{Possible Asymptotic Behavior of Elastic Scattering}},
  author  = {Gribov, V. N.},
  year    = 1961,
  journal = {JETP Lett.},
  volume  = 41,
  pages   = {667--669}
}
@article{Brower:1974yv,
  title        = {{Regge Theory for Multiparticle Amplitudes}},
  author       = {Brower, R. C. and DeTar, Carleton E. and Weis, J. H.},
  year         = 1974,
  journal      = {Phys. Rept.},
  volume       = 14,
  pages        = 257,
  doi          = {10.1016/0370-1573(74)90012-x},
  reportnumber = {Mit-ctp-395, Cern-th-1817}
}
@article{Bartels:2012gq,
  title         = {{Multi-Regge Limit of the n-Gluon Bubble Ansatz}},
  author        = {Bartels, J. and Schomerus, V. and Sprenger, M.},
  year          = 2012,
  journal       = {Jhep},
  volume        = 11,
  pages         = 145,
  doi           = {10.1007/jhep11(2012)145},
  eprint        = {1207.4204},
  archiveprefix = {arXiv},
  primaryclass  = {hep-th},
  reportnumber  = {Desy-12-122}
}
@article{Bjerrum-Bohr:2010pnr,
  title         = {{The Momentum Kernel of Gauge and Gravity Theories}},
  author        = {Bjerrum-Bohr, N. E. J. and Damgaard, Poul H. and Sondergaard, Thomas and Vanhove, Pierre},
  year          = 2011,
  journal       = {Jhep},
  volume        = {01},
  pages         = {001},
  doi           = {10.1007/jhep01(2011)001},
  eprint        = {1010.3933},
  archiveprefix = {arXiv},
  primaryclass  = {hep-th},
  reportnumber  = {Ipht-t10-14, Ihes-p-10-45}
}
@article{Penedones:2010ue,
  title         = {{Writing CFT correlation functions as AdS scattering amplitudes}},
  author        = {Penedones, Joao},
  year          = 2011,
  journal       = {Jhep},
  volume        = {03},
  pages         = {025},
  doi           = {10.1007/jhep03(2011)025},
  eprint        = {1011.1485},
  archiveprefix = {arXiv},
  primaryclass  = {hep-th}
}
@article{Brower:2006ea,
  title         = {{The Pomeron and gauge/string duality}},
  author        = {Brower, Richard C. and Polchinski, Joseph and Strassler, Matthew J. and Tan, Chung-I},
  year          = 2007,
  journal       = {Jhep},
  volume        = 12,
  pages         = {005},
  doi           = {10.1088/1126-6708/2007/12/005},
  eprint        = {hep-th/0603115},
  archiveprefix = {arXiv},
  reportnumber  = {Brown-het-1462}
}
@article{Costa:2012cb,
  title         = {{Conformal Regge theory}},
  author        = {Costa, Miguel S. and Goncalves, Vasco and Penedones, Joao},
  year          = 2012,
  journal       = {Jhep},
  volume        = 12,
  pages         = {091},
  doi           = {10.1007/jhep12(2012)091},
  eprint        = {1209.4355},
  archiveprefix = {arXiv},
  primaryclass  = {hep-th}
}
@article{Goncalves:2014rfa,
  title         = {{Factorization of Mellin amplitudes}},
  author        = {Gon\c{c}alves, Vasco and Penedones, Jo\~ao and Trevisani, Emilio},
  year          = 2015,
  journal       = {Jhep},
  volume        = 10,
  pages         = {040},
  doi           = {10.1007/jhep10(2015)040},
  eprint        = {1410.4185},
  archiveprefix = {arXiv},
  primaryclass  = {hep-th}
}
@article{Chandorkar:2021viw,
  title         = {{Bounds on Regge growth of flat space scattering from bounds on chaos}},
  author        = {Chandorkar, Deeksha and Chowdhury, Subham Dutta and Kundu, Suman and Minwalla, Shiraz},
  year          = 2021,
  journal       = {Jhep},
  volume        = {05},
  pages         = 143,
  doi           = {10.1007/jhep05(2021)143},
  eprint        = {2102.03122},
  archiveprefix = {arXiv},
  primaryclass  = {hep-th}
}
@article{Goddard:1971fq,
  title   = {{Complex helicity and the sommerfeld-watson transformation of group-theoretic expansions}},
  author  = {Goddard, P. and White, A. R.},
  year    = 1971,
  journal = {Nuovo Cim. A},
  volume  = 1,
  pages   = {645--679},
  doi     = {10.1007/bf02734390}
}
@article{White:1972sc,
  title   = {{The signatured froissart-gribov continuation of multiparticle amplitudes to complex helicity and angular momentum}},
  author  = {White, A. R.},
  year    = 1972,
  journal = {Nucl. Phys. B},
  volume  = 39,
  pages   = {432--460},
  doi     = {10.1016/0550-3213(72)90381-1}
}
@article{White:1973ola,
  title   = {{Signature, factorization and unitarity in multi-regge theory - the five-point function}},
  author  = {White, A. R.},
  year    = 1973,
  journal = {Nucl. Phys. B},
  volume  = 67,
  pages   = {189--231},
  doi     = {10.1016/0550-3213(73)90325-8}
}
@article{Stapp:1982mq,
  title        = {{An Asymptotic Dispersion Relation for the Six Particle Amplitude}},
  author       = {Stapp, Henry P. and White, Alan R.},
  year         = 1982,
  journal      = {Phys. Rev. D},
  volume       = 26,
  pages        = 2145,
  doi          = {10.1103/PhysRevD.26.2145},
  reportnumber = {Fermilab-pub-82-019-thy, Fermilab-pub-82-019-t, Lbl-14667}
}
@article{Abarbanel:1972ayr,
  title   = {{Analytic structure of multiparticle amplitudes in complex helicity}},
  author  = {Abarbanel, H. D. I. and Schwimmer, A.},
  year    = 1972,
  journal = {Phys. Rev. D},
  volume  = 6,
  pages   = {3018--3031},
  doi     = {10.1103/PhysRevD.6.3018}
}
@article{Cahill:1973qp,
  title        = {{Optical Theorems And Steinmann Relations}},
  author       = {Cahill, Kevin E. and Stapp, Henry P.},
  year         = 1975,
  journal      = {Annals Phys.},
  volume       = 90,
  pages        = 438,
  doi          = {10.1016/0003-4916(75)90006-8},
  reportnumber = {Lbl-2428}
}
@article{Karateev:2018oml,
  title         = {{Harmonic Analysis and Mean Field Theory}},
  author        = {Karateev, Denis and Kravchuk, Petr and Simmons-Duffin, David},
  year          = 2019,
  journal       = {Jhep},
  volume        = 10,
  pages         = 217,
  doi           = {10.1007/jhep10(2019)217},
  eprint        = {1809.05111},
  archiveprefix = {arXiv},
  primaryclass  = {hep-th},
  reportnumber  = {Calt-th 2018-036}
}
@article{Caron-Huot:2016owq,
  title         = {{Bootstrapping a Five-Loop Amplitude Using Steinmann Relations}},
  author        = {Caron-Huot, Simon and Dixon, Lance J. and McLeod, Andrew and von Hippel, Matt},
  year          = 2016,
  journal       = {Phys. Rev. Lett.},
  volume        = 117,
  number        = 24,
  pages         = 241601,
  doi           = {10.1103/PhysRevLett.117.241601},
  eprint        = {1609.00669},
  archiveprefix = {arXiv},
  primaryclass  = {hep-th},
  reportnumber  = {Slac-pub-16811}
}
@misc{DSDNotes,
  title        = {TASI lectures on Conformal Field Thoery},
  author       = {David Simmons-Duffin},
  note         = {[Online; accessed 15-November-2022]},
  howpublished = {\url{https://gitlab.com/davidsd/lorentzian-cft-notes/-/blob/master/TASI-Lorentzian-CFT.pdf}}
}
@misc{SteinmannThesis,
  title        = {Ueber den Zusammenhang zwischen den Wightmanfunktionen und den retardierten Kommutatoren},
  author       = {Steinmann},
  note         = {[Online; accessed 15-November-2022]},
  howpublished = {\url{ https://www.research-collection.ethz.ch/handle/20.500.11850/135473 }}
}
@misc{NotesOnMultiRegge,
  title        = {Analytic Multi-regge Theory And The Pomeron In Qcd - Part 1},
  author       = {Alan White},
  note         = {[Online; accessed 15-November-2022]},
  howpublished = {\url{ https://www.osti.gov/servlets/purl/7002400}}
}
@inproceedings{White:1976qm,
  title        = {{The Analytic Foundations of Regge Theory}},
  author       = {White, Alan R.},
  year         = 1976,
  month        = 2,
  booktitle    = {{Institute on Structural Analysis of Multiparticle Collision Amplitudes in Relativistic Quantum Theory}},
  reportnumber = {Cern-th-2136}
}
@article{Paulos:2012nu,
  title         = {{Mellin Amplitudes for Dual Conformal Integrals}},
  author        = {Paulos, Miguel F. and Spradlin, Marcus and Volovich, Anastasia},
  year          = 2012,
  journal       = {Jhep},
  volume        = {08},
  pages         = {072},
  doi           = {10.1007/jhep08(2012)072},
  eprint        = {1203.6362},
  archiveprefix = {arXiv},
  primaryclass  = {hep-th}
}
@article{Kravchuk:2020scc,
  title         = {{Distributions in CFT. Part I. Cross-ratio space}},
  author        = {Kravchuk, Petr and Qiao, Jiaxin and Rychkov, Slava},
  year          = 2020,
  journal       = {Jhep},
  volume        = {05},
  pages         = 137,
  doi           = {10.1007/jhep05(2020)137},
  eprint        = {2001.08778},
  archiveprefix = {arXiv},
  primaryclass  = {hep-th}
}
@article{Kravchuk:2021kwe,
  title         = {{Distributions in CFT. Part II. Minkowski space}},
  author        = {Kravchuk, Petr and Qiao, Jiaxin and Rychkov, Slava},
  year          = 2021,
  journal       = {Jhep},
  volume        = {08},
  pages         = {094},
  doi           = {10.1007/jhep08(2021)094},
  eprint        = {2104.02090},
  archiveprefix = {arXiv},
  primaryclass  = {hep-th}
}


@article{Luscher:1974ez,
  title        = {{Global Conformal Invariance in Quantum Field Theory}},
  author       = {Luscher, M. and Mack, G.},
  year         = 1975,
  journal      = {Commun. Math. Phys.},
  volume       = 41,
  pages        = {203--234},
  doi          = {10.1007/bf01608988},
  reportnumber = {Print-74-1569 (Bern)}
}
@article{Mack:1976pa,
  title        = {{Convergence of Operator Product Expansions on the Vacuum in Conformal Invariant Quantum Field Theory}},
  author       = {Mack, G.},
  year         = 1977,
  journal      = {Commun. Math. Phys.},
  volume       = 53,
  pages        = 155,
  doi          = {10.1007/bf01609130},
  reportnumber = {Desy-76-30}
}
@article{Casini:2010bf,
  title         = {{Wedge reflection positivity}},
  author        = {Casini, H.},
  year          = 2011,
  journal       = {J. Phys. A},
  volume        = 44,
  pages         = 435202,
  doi           = {10.1088/1751-8113/44/43/435202},
  eprint        = {1009.3832},
  archiveprefix = {arXiv},
  primaryclass  = {hep-th}
}
@article{Caron-Huot:2017vep,
  title         = {{Analyticity in Spin in Conformal Theories}},
  author        = {Caron-Huot, Simon},
  year          = 2017,
  journal       = {Jhep},
  volume        = {09},
  pages         = {078},
  doi           = {10.1007/jhep09(2017)078},
  eprint        = {1703.00278},
  archiveprefix = {arXiv},
  primaryclass  = {hep-th}
}
@article{Simmons-Duffin:2017nub,
  title         = {{A spacetime derivation of the Lorentzian OPE inversion formula}},
  author        = {Simmons-Duffin, David and Stanford, Douglas and Witten, Edward},
  year          = 2018,
  journal       = {Jhep},
  volume        = {07},
  pages         = {085},
  doi           = {10.1007/jhep07(2018)085},
  eprint        = {1711.03816},
  archiveprefix = {arXiv},
  primaryclass  = {hep-th}
}
@article{Maldacena:2015waa,
  title         = {{A bound on chaos}},
  author        = {Maldacena, Juan and Shenker, Stephen H. and Stanford, Douglas},
  year          = 2016,
  journal       = {Jhep},
  volume        = {08},
  pages         = 106,
  doi           = {10.1007/jhep08(2016)106},
  eprint        = {1503.01409},
  archiveprefix = {arXiv},
  primaryclass  = {hep-th}
}
@article{Kologlu:2019bco,
  title         = {{Shocks, Superconvergence, and a Stringy Equivalence Principle}},
  author        = {Kologlu, Murat and Kravchuk, Petr and Simmons-Duffin, David and Zhiboedov, Alexander},
  year          = 2020,
  journal       = {Jhep},
  volume        = 11,
  pages         = {096},
  doi           = {10.1007/jhep11(2020)096},
  eprint        = {1904.05905},
  archiveprefix = {arXiv},
  primaryclass  = {hep-th},
  reportnumber  = {Calt-th 2019-012, Cern-th-2019-040}
}
@article{Costa:2017twz,
  title         = {{Bounds for OPE coefficients on the Regge trajectory}},
  author        = {Costa, Miguel S. and Hansen, Tobias and Penedones, Jo\~ao},
  year          = 2017,
  journal       = {Jhep},
  volume        = 10,
  pages         = 197,
  doi           = {10.1007/jhep10(2017)197},
  eprint        = {1707.07689},
  archiveprefix = {arXiv},
  primaryclass  = {hep-th}
}
@article{Panzer:2014caa,
  title         = {{Algorithms for the symbolic integration of hyperlogarithms with applications to Feynman integrals}},
  author        = {Panzer, Erik},
  year          = 2015,
  journal       = {Comput. Phys. Commun.},
  volume        = 188,
  pages         = {148--166},
  doi           = {10.1016/j.cpc.2014.10.019},
  eprint        = {1403.3385},
  archiveprefix = {arXiv},
  primaryclass  = {hep-th}
}
@article{Kravchuk:2018htv,
  title         = {{Light-ray operators in conformal field theory}},
  author        = {Kravchuk, Petr and Simmons-Duffin, David},
  year          = 2018,
  journal       = {Jhep},
  volume        = 11,
  pages         = 102,
  doi           = {10.1007/jhep11(2018)102},
  eprint        = {1805.00098},
  archiveprefix = {arXiv},
  primaryclass  = {hep-th},
  reportnumber  = {Calt-th 2018-018}
}
@article{Kravchuk:2016qvl,
  title         = {{Counting Conformal Correlators}},
  author        = {Kravchuk, Petr and Simmons-Duffin, David},
  year          = 2018,
  journal       = {Jhep},
  volume        = {02},
  pages         = {096},
  doi           = {10.1007/jhep02(2018)096},
  eprint        = {1612.08987},
  archiveprefix = {arXiv},
  primaryclass  = {hep-th},
  reportnumber  = {Calt-th-2016-041}
}
@article{Regge:1959mz,
  title   = {{Introduction to complex orbital momenta}},
  author  = {Regge, T.},
  year    = 1959,
  journal = {Nuovo Cim.},
  volume  = 14,
  pages   = 951,
  doi     = {10.1007/BF02728177}
}
@article{PhysRev.176.2003,
  title     = {Multi-Reggeon Behavior of Production Amplitudes},
  author    = {Drummond, I. T.},
  year      = 1968,
  month     = {Dec},
  journal   = {Phys. Rev.},
  publisher = {American Physical Society},
  volume    = 176,
  pages     = {2003--2013},
  doi       = {10.1103/PhysRev.176.2003},
  url       = {https://link.aps.org/doi/10.1103/PhysRev.176.2003},
  issue     = 5,
  numpages  = {0}
}
@article{Drummond:1969jv,
  title        = {{Signature in production amplitudes}},
  author       = {Drummond, I. T. and Landshoff, P. V. and Zakrzewski, W. J.},
  year         = 1969,
  journal      = {Phys. Lett. B},
  volume       = 28,
  pages        = {676--678},
  doi          = {10.1016/0370-2693(69)90220-2},
  reportnumber = {DAMTP-69-7}
}
@article{White:1972rq,
  title   = {{The analytic continuation of multiparticle unitarity in the complex angular momentum plane}},
  author  = {White, A. R.},
  year    = 1972,
  journal = {Nucl. Phys. B},
  volume  = 39,
  pages   = {461--478},
  doi     = {10.1016/0550-3213(72)90382-3}
}
@article{Weis:1972tbu,
  title   = {{Singularities in complex angular momentum and helicity}},
  author  = {Weis, J. H.},
  year    = 1972,
  journal = {Phys. Rev. D},
  volume  = 6,
  pages   = {2823--2841},
  doi     = {10.1103/PhysRevD.6.2823}
}
@article{Moen:1975re,
  title        = {{Factorization of the Six Particle Multi-Regge Amplitude}},
  author       = {Moen, I. O.},
  year         = 1975,
  journal      = {Phys. Rev. D},
  volume       = 12,
  pages        = 2486,
  doi          = {10.1103/PhysRevD.12.2486},
  reportnumber = {PRINT-75-0411 (MCGILL)}
}
@article{PhysRevLett.26.675,
  title     = {Helicity Poles, Triple-Regge Behavior, and Single-Particle Spectra in High-Energy Collisions},
  author    = {DeTar, C. E. and Jones, C. E. and Low, F. E. and Weis, J. H. and Young, J. E. and Tan, Chung-I},
  year      = 1971,
  month     = {Mar},
  journal   = {Phys. Rev. Lett.},
  publisher = {American Physical Society},
  volume    = 26,
  pages     = {675--676},
  doi       = {10.1103/PhysRevLett.26.675},
  url       = {https://link.aps.org/doi/10.1103/PhysRevLett.26.675},
  issue     = 11,
  numpages  = {0}
}
@article{Schwarz:1973yz,
  title   = {{Dual resonance theory}},
  author  = {Schwarz, John H.},
  year    = 1973,
  journal = {Phys. Rept.},
  volume  = 8,
  pages   = {269--335},
  doi     = {10.1016/0370-1573(73)90003-3}
}
@article{Bardakci:1969ue,
  title   = {{Meson resonance couplings in a five-point veneziano model}},
  author  = {Bardakci, K. and Ruegg, H.},
  year    = 1969,
  journal = {Phys. Lett. B},
  volume  = 28,
  pages   = {671--675},
  doi     = {10.1016/0370-2693(69)90219-6}
}
@article{Symanzik:1972wj,
  title        = {{On Calculations in conformal invariant field theories}},
  author       = {Symanzik, K.},
  year         = 1972,
  journal      = {Lett. Nuovo Cim.},
  volume       = 3,
  pages        = {734--738},
  doi          = {10.1007/BF02824349},
  reportnumber = {DESY-72-6}
}



//Introduction citations 

@article{Rattazzi:2008pe,
  author        = {Rattazzi, Riccardo and Rychkov, Vyacheslav S. and Tonni, Erik and Vichi, Alessandro},
  title         = {{Bounding scalar operator dimensions in 4D CFT}},
  eprint        = {0807.0004},
  archiveprefix = {arXiv},
  primaryclass  = {hep-th},
  doi           = {10.1088/1126-6708/2008/12/031},
  journal       = {JHEP},
  volume        = {12},
  pages         = {031},
  year          = {2008}
}
@article{El-Showk:2012cjh,
  author        = {El-Showk, Sheer and Paulos, Miguel F. and Poland, David and Rychkov, Slava and Simmons-Duffin, David and Vichi, Alessandro},
  title         = {{Solving the 3D Ising Model with the Conformal Bootstrap}},
  eprint        = {1203.6064},
  archiveprefix = {arXiv},
  primaryclass  = {hep-th},
  reportnumber  = {LPTENS-12-07},
  doi           = {10.1103/PhysRevD.86.025022},
  journal       = {Phys. Rev. D},
  volume        = {86},
  pages         = {025022},
  year          = {2012}
}
@article{Poland:2018epd,
  author        = {Poland, David and Rychkov, Slava and Vichi, Alessandro},
  title         = {{The Conformal Bootstrap: Theory, Numerical Techniques, and Applications}},
  eprint        = {1805.04405},
  archiveprefix = {arXiv},
  primaryclass  = {hep-th},
  doi           = {10.1103/RevModPhys.91.015002},
  journal       = {Rev. Mod. Phys.},
  volume        = {91},
  pages         = {015002},
  year          = {2019}
}


//Lightcone bootstrap
@article{Alday:2015ewa,
  author        = {Alday, Luis F. and Zhiboedov, Alexander},
  title         = {{An Algebraic Approach to the Analytic Bootstrap}},
  eprint        = {1510.08091},
  archiveprefix = {arXiv},
  primaryclass  = {hep-th},
  doi           = {10.1007/JHEP04(2017)157},
  journal       = {JHEP},
  volume        = {04},
  pages         = {157},
  year          = {2017}
}
@article{Simmons-Duffin:2016wlq,
  author        = {Simmons-Duffin, David},
  title         = {{The Lightcone Bootstrap and the Spectrum of the 3d Ising CFT}},
  eprint        = {1612.08471},
  archiveprefix = {arXiv},
  primaryclass  = {hep-th},
  doi           = {10.1007/JHEP03(2017)086},
  journal       = {JHEP},
  volume        = {03},
  pages         = {086},
  year          = {2017}
}
@article{Komargodski:2012ek,
  author        = {Komargodski, Zohar and Zhiboedov, Alexander},
  title         = {{Convexity and Liberation at Large Spin}},
  eprint        = {1212.4103},
  archiveprefix = {arXiv},
  primaryclass  = {hep-th},
  doi           = {10.1007/JHEP11(2013)140},
  journal       = {JHEP},
  volume        = {11},
  pages         = {140},
  year          = {2013}
}


//Regge papers 

@article{Cornalba:2007zb,
  author        = {Cornalba, Lorenzo and Costa, Miguel S. and Penedones, Joao},
  title         = {{Eikonal approximation in AdS/CFT: Resumming the gravitational loop expansion}},
  eprint        = {0707.0120},
  archiveprefix = {arXiv},
  primaryclass  = {hep-th},
  reportnumber  = {ROM2F-2007-11, LPTENS-07-27},
  doi           = {10.1088/1126-6708/2007/09/037},
  journal       = {JHEP},
  volume        = {09},
  pages         = {037},
  year          = {2007}
}
@article{Cornalba:2006xm,
  author        = {Cornalba, Lorenzo and Costa, Miguel S. and Penedones, Joao and Schiappa, Ricardo},
  title         = {{Eikonal Approximation in AdS/CFT: Conformal Partial Waves and Finite N Four-Point Functions}},
  eprint        = {hep-th/0611123},
  archiveprefix = {arXiv},
  reportnumber  = {ROM2F-2006-26, LPTENS-06-50, CERN-PH-TH-2006-234},
  doi           = {10.1016/j.nuclphysb.2007.01.007},
  journal       = {Nucl. Phys. B},
  volume        = {767},
  pages         = {327--351},
  year          = {2007}
}
@article{Caron-Huot:2022eqs,
  author        = {Caron-Huot, Simon and Kologlu, Murat and Kravchuk, Petr and Meltzer, David and Simmons-Duffin, David},
  title         = {{Detectors in weakly-coupled field theories}},
  eprint        = {2209.00008},
  archiveprefix = {arXiv},
  primaryclass  = {hep-th},
  reportnumber  = {CALT-TH 2022-31},
  doi           = {10.1007/JHEP04(2023)014},
  journal       = {JHEP},
  volume        = {04},
  pages         = {014},
  year          = {2023}
}
@article{Carmi:2019cub,
  author        = {Carmi, Dean and Caron-Huot, Simon},
  title         = {{A Conformal Dispersion Relation: Correlations from Absorption}},
  eprint        = {1910.12123},
  archiveprefix = {arXiv},
  primaryclass  = {hep-th},
  doi           = {10.1007/JHEP09(2020)009},
  journal       = {JHEP},
  volume        = {09},
  pages         = {009},
  year          = {2020}
}
@article{Penedones:2019tng,
  author        = {Penedones, Joao and Silva, Joao A. and Zhiboedov, Alexander},
  title         = {{Nonperturbative Mellin Amplitudes: Existence, Properties, Applications}},
  eprint        = {1912.11100},
  archiveprefix = {arXiv},
  primaryclass  = {hep-th},
  reportnumber  = {CERN-TH-2019-230},
  doi           = {10.1007/JHEP08(2020)031},
  journal       = {JHEP},
  volume        = {08},
  pages         = {031},
  year          = {2020}
}
@book{Streater:1989vi,
  author = {Streater, R. F. and Wightman, A. S.},
  title  = {{PCT, spin and statistics, and all that}},
  isbn   = {978-0-691-07062-9},
  year   = {1989}
}
@article{Mack:2009mi,
  author        = {Mack, Gerhard},
  title         = {{D-independent representation of Conformal Field Theories in D dimensions via transformation to auxiliary Dual Resonance Models. Scalar amplitudes}},
  eprint        = {0907.2407},
  archiveprefix = {arXiv},
  primaryclass  = {hep-th},
  month         = {7},
  year          = {2009}
}
@article{Dolan:2003hv,
  author        = {Dolan, F. A. and Osborn, H.},
  title         = {{Conformal partial waves and the operator product expansion}},
  eprint        = {hep-th/0309180},
  archiveprefix = {arXiv},
  reportnumber  = {DAMTP-03-91},
  doi           = {10.1016/j.nuclphysb.2003.11.016},
  journal       = {Nucl. Phys. B},
  volume        = {678},
  pages         = {491--507},
  year          = {2004}
}