
@article{Liu:2018jhs,
	author = "Liu, Junyu and Perlmutter, Eric and Rosenhaus, Vladimir and Simmons-Duffin, David",
	title = "{$d$-dimensional SYK, AdS Loops, and $6j$ Symbols}",
	eprint = "1808.00612",
	archivePrefix = "arXiv",
	primaryClass = "hep-th",
	reportNumber = "CALT-TH-2018-023",
	doi = "10.1007/JHEP03(2019)052",
	journal = "JHEP",
	volume = "03",
	pages = "052",
	year = "2019"
}


@article{Alday:2016njk,
    author = "Alday, Luis F.",
    title = "{Large Spin Perturbation Theory for Conformal Field Theories}",
    eprint = "1611.01500",
    archivePrefix = "arXiv",
    primaryClass = "hep-th",
    doi = "10.1103/PhysRevLett.119.111601",
    journal = "Phys. Rev. Lett.",
    volume = "119",
    number = "11",
    pages = "111601",
    year = "2017"
}

@article{Alday:2016jfr,
    author = "Alday, Luis F.",
    title = "{Solving CFTs with Weakly Broken Higher Spin Symmetry}",
    eprint = "1612.00696",
    archivePrefix = "arXiv",
    primaryClass = "hep-th",
    doi = "10.1007/JHEP10(2017)161",
    journal = "JHEP",
    volume = "10",
    pages = "161",
    year = "2017"
}

@article{Alday:2017zzv,
    author = "Alday, Luis F. and Henriksson, Johan and van Loon, Mark",
    title = "{Taming the $\epsilon$-expansion with large spin perturbation theory}",
    eprint = "1712.02314",
    archivePrefix = "arXiv",
    primaryClass = "hep-th",
    doi = "10.1007/JHEP07(2018)131",
    journal = "JHEP",
    volume = "07",
    pages = "131",
    year = "2018"
}

@article{Alday:2018pdi,
      author         = "Alday, Luis F. and Bissi, Agnese and Perlmutter, Eric",
      title          = "{Genus-One String Amplitudes from Conformal Field
                        Theory}",
      journal        = "JHEP",
      volume         = "06",
      year           = "2019",
      pages          = "010",
      doi            = "10.1007/JHEP06(2019)010",
      eprint         = "1809.10670",
      archivePrefix  = "arXiv",
      primaryClass   = "hep-th",
      SLACcitation   = "%%CITATION = ARXIV:1809.10670;%%"
}

@article{Alday:2018kkw,
      author         = "Alday, Luis F.",
      title          = "{On Genus-one String Amplitudes on $AdS_5 \times S^5$}",
      year           = "2018",
      eprint         = "1812.11783",
      archivePrefix  = "arXiv",
      primaryClass   = "hep-th",
      SLACcitation   = "%%CITATION = ARXIV:1812.11783;%%"
}

@article{Amati:1987uf,
      author         = "Amati, D. and Ciafaloni, M. and Veneziano, G.",
      title          = "{Classical and Quantum Gravity Effects from Planckian
                        Energy Superstring Collisions}",
      journal        = "Int. J. Mod. Phys.",
      volume         = "A3",
      year           = "1988",
      pages          = "1615-1661",
      doi            = "10.1142/S0217751X88000710",
      reportNumber   = "CERN-TH-4886/87",
      SLACcitation   = "%%CITATION = IMPAE,A3,1615;%%"
}

@article{Binder:2019jwn,
      author         = "Binder, Damon J. and Chester, Shai M. and Pufu, Silviu S.
                        and Wang, Yifan",
      title          = "{$\mathcal{N}=4$ Super-Yang-Mills Correlators at Strong
                        Coupling from String Theory and Localization}",
      year           = "2019",
      eprint         = "1902.06263",
      archivePrefix  = "arXiv",
      primaryClass   = "hep-th",
      reportNumber   = "PUPT-2582",
      SLACcitation   = "%%CITATION = ARXIV:1902.06263;%%"
}

@article{Bissi:2019kkx,
    author = "Bissi, Agnese and Dey, Parijat and Hansen, Tobias",
    title = "{Dispersion Relation for CFT Four-Point Functions}",
    eprint = "1910.04661",
    archivePrefix = "arXiv",
    primaryClass = "hep-th",
    reportNumber = "UUITP-42/19",
    doi = "10.1007/JHEP04(2020)092",
    journal = "JHEP",
    volume = "04",
    pages = "092",
    year = "2020"
}

@article{Boels:2014dka,
      author         = "Boels, Rutger H. and Hansen, Tobias",
      title          = "{String theory in target space}",
      journal        = "JHEP",
      volume         = "06",
      year           = "2014",
      pages          = "054",
      doi            = "10.1007/JHEP06(2014)054",
      eprint         = "1402.6356",
      archivePrefix  = "arXiv",
      primaryClass   = "hep-th",
      SLACcitation   = "%%CITATION = ARXIV:1402.6356;%%"
}

@article{Brower:2006ea,
    author = "Brower, Richard C. and Polchinski, Joseph and Strassler, Matthew J. and Tan, Chung-I",
    title = "{The Pomeron and gauge/string duality}",
    eprint = "hep-th/0603115",
    archivePrefix = "arXiv",
    reportNumber = "BROWN-HET-1462",
    doi = "10.1088/1126-6708/2007/12/005",
    journal = "JHEP",
    volume = "12",
    pages = "005",
    year = "2007"
}


@article{Camanho:2014apa,
    author = "Camanho, Xian O. and Edelstein, Jose D. and Maldacena, Juan and Zhiboedov, Alexander",
    title = "{Causality Constraints on Corrections to the Graviton Three-Point Coupling}",
    eprint = "1407.5597",
    archivePrefix = "arXiv",
    primaryClass = "hep-th",
    doi = "10.1007/JHEP02(2016)020",
    journal = "JHEP",
    volume = "02",
    pages = "020",
    year = "2016"
}

@article{Carmi:2019cub,
    author = "Carmi, Dean and Caron-Huot, Simon",
    title = "{A Conformal Dispersion Relation: Correlations from Absorption}",
    eprint = "1910.12123",
    archivePrefix = "arXiv",
    primaryClass = "hep-th",
    doi = "10.1007/JHEP09(2020)009",
    journal = "JHEP",
    volume = "09",
    pages = "009",
    year = "2020"
}

@article{Cornalba:2007zb,
      author         = "Cornalba, Lorenzo and Costa, Miguel S. and Penedones,
                        Joao",
      title          = "{Eikonal approximation in AdS/CFT: Resumming the
                        gravitational loop expansion}",
      journal        = "JHEP",
      volume         = "09",
      year           = "2007",
      pages          = "037",
      doi            = "10.1088/1126-6708/2007/09/037",
      eprint         = "0707.0120",
      archivePrefix  = "arXiv",
      primaryClass   = "hep-th",
      reportNumber   = "ROM2F-2007-11, LPTENS-07-27",
      SLACcitation   = "%%CITATION = ARXIV:0707.0120;%%"
}

@article{Cornalba:2007fs,
      author         = "Cornalba, Lorenzo",
      title          = "{Eikonal methods in AdS/CFT: Regge theory and
                        multi-reggeon exchange}",
      year           = "2007",
      eprint         = "0710.5480",
      archivePrefix  = "arXiv",
      primaryClass   = "hep-th",
      SLACcitation   = "%%CITATION = ARXIV:0710.5480;%%"
}

@article{Cornalba:2008qf,
      author         = "Cornalba, Lorenzo and Costa, Miguel S. and Penedones,
                        Joao",
      title          = "{Eikonal Methods in AdS/CFT: BFKL Pomeron at Weak
                        Coupling}",
      journal        = "JHEP",
      volume         = "06",
      year           = "2008",
      pages          = "048",
      doi            = "10.1088/1126-6708/2008/06/048",
      eprint         = "0801.3002",
      archivePrefix  = "arXiv",
      primaryClass   = "hep-th",
      reportNumber   = "BICOCCA-FT-08-02, NSF-KITP-07-212",
      SLACcitation   = "%%CITATION = ARXIV:0801.3002;%%"
}

@article{Costa:2011dw,
    author = "Costa, Miguel S. and Penedones, Joao and Poland, David and Rychkov, Slava",
    title = "{Spinning Conformal Blocks}",
    eprint = "1109.6321",
    archivePrefix = "arXiv",
    primaryClass = "hep-th",
    reportNumber = "LPTENS-11-37",
    doi = "10.1007/JHEP11(2011)154",
    journal = "JHEP",
    volume = "11",
    pages = "154",
    year = "2011"
}

@article{Costa:2014kfa,
      author         = "Costa, Miguel S. and Gonçalves, Vasco and Penedones,
                        João",
      title          = "{Spinning AdS Propagators}",
      journal        = "JHEP",
      volume         = "09",
      year           = "2014",
      pages          = "064",
      doi            = "10.1007/JHEP09(2014)064",
      eprint         = "1404.5625",
      archivePrefix  = "arXiv",
      primaryClass   = "hep-th",
      SLACcitation   = "%%CITATION = ARXIV:1404.5625;%%"
}

@article{Costa:2016hju,
    author = "Costa, Miguel S. and Hansen, Tobias and Penedones, Joao and Trevisani, Emilio",
    title = "{Projectors and seed conformal blocks for traceless mixed-symmetry tensors}",
    eprint = "1603.05551",
    archivePrefix = "arXiv",
    primaryClass = "hep-th",
    reportNumber = "CERN-TH-2016-080",
    doi = "10.1007/JHEP07(2016)018",
    journal = "JHEP",
    volume = "07",
    pages = "018",
    year = "2016"
}

@article{Costa:2018mcg,
    author = "Costa, Miguel S. and Hansen, Tobias",
    title = "{AdS Weight Shifting Operators}",
    eprint = "1805.01492",
    archivePrefix = "arXiv",
    primaryClass = "hep-th",
    doi = "10.1007/JHEP09(2018)040",
    journal = "JHEP",
    volume = "09",
    pages = "040",
    year = "2018"
}


@article{DAppollonio:2013mgj,
    author = "D'Appollonio, Giuseppe and Di Vecchia, Paolo and Russo, Rodolfo and Veneziano, Gabriele",
    title = "{Microscopic unitary description of tidal excitations in high-energy string-brane collisions}",
    eprint = "1310.1254",
    archivePrefix = "arXiv",
    primaryClass = "hep-th",
    reportNumber = "CERN-PH-TH-2013-227",
    doi = "10.1007/JHEP11(2013)126",
    journal = "JHEP",
    volume = "11",
    pages = "126",
    year = "2013"
}

@article{Fitzpatrick:2011dm,
    author = "Fitzpatrick, A.Liam and Kaplan, Jared",
    title = "{Unitarity and the Holographic S-Matrix}",
    eprint = "1112.4845",
    archivePrefix = "arXiv",
    primaryClass = "hep-th",
    reportNumber = "SLAC-PUB-14979",
    doi = "10.1007/JHEP10(2012)032",
    journal = "JHEP",
    volume = "10",
    pages = "032",
    year = "2012"
}

@article{Hanany:2010da,
    author = "Hanany, Amihay and Forcella, Davide and Troost, Jan",
    title = "{The Covariant perturbative string spectrum}",
    eprint = "1007.2622",
    archivePrefix = "arXiv",
    primaryClass = "hep-th",
    doi = "10.1016/j.nuclphysb.2011.01.002",
    journal = "Nucl. Phys. B",
    volume = "846",
    pages = "212--225",
    year = "2011"
}

@article{Karateev:2017jgd,
    author = "Karateev, Denis and Kravchuk, Petr and Simmons-Duffin, David",
    title = "{Weight Shifting Operators and Conformal Blocks}",
    eprint = "1706.07813",
    archivePrefix = "arXiv",
    primaryClass = "hep-th",
    reportNumber = "CALT-TH-2017-031",
    doi = "10.1007/JHEP02(2018)081",
    journal = "JHEP",
    volume = "02",
    pages = "081",
    year = "2018"
}

@article{Karateev:2018oml,
    author = "Karateev, Denis and Kravchuk, Petr and Simmons-Duffin, David",
    title = "{Harmonic Analysis and Mean Field Theory}",
    eprint = "1809.05111",
    archivePrefix = "arXiv",
    primaryClass = "hep-th",
    reportNumber = "CALT-TH 2018-036",
    doi = "10.1007/JHEP10(2019)217",
    journal = "JHEP",
    volume = "10",
    pages = "217",
    year = "2019"
}

@article{Komatsu:2020sag,
    author = "Komatsu, Shota and Paulos, Miguel F. and van Rees, Balt C. and Zhao, Xiang",
    title = "{Landau diagrams in AdS and S-matrices from conformal correlators}",
    eprint = "2007.13745",
    archivePrefix = "arXiv",
    primaryClass = "hep-th",
    month = "7",
    year = "2020"
}

@article{Kotikov:2002ab,
    author = "Kotikov, A.V. and Lipatov, L.N.",
    title = "{DGLAP and BFKL equations in the $N=4$ supersymmetric gauge theory}",
    eprint = "hep-ph/0208220",
    archivePrefix = "arXiv",
    doi = "10.1016/S0550-3213(03)00264-5",
    journal = "Nucl. Phys. B",
    volume = "661",
    pages = "19--61",
    year = "2003",
    note = "[Erratum: Nucl.Phys.B 685, 405--407 (2004)]"
}

@article{Kotikov:2007cy,
    author = "Kotikov, A.V. and Lipatov, L.N. and Rej, A. and Staudacher, M. and Velizhanin, V.N.",
    title = "{Dressing and wrapping}",
    eprint = "0704.3586",
    archivePrefix = "arXiv",
    primaryClass = "hep-th",
    reportNumber = "AEI-2007-024",
    doi = "10.1088/1742-5468/2007/10/P10003",
    journal = "J. Stat. Mech.",
    volume = "0710",
    pages = "P10003",
    year = "2007"
}

@article{Meltzer:2019pyl,
    author = "Meltzer, David",
    title = "{AdS/CFT Unitarity at Higher Loops: High-Energy String Scattering}",
    eprint = "1912.05580",
    archivePrefix = "arXiv",
    primaryClass = "hep-th",
    doi = "10.1007/JHEP05(2020)133",
    journal = "JHEP",
    volume = "05",
    pages = "133",
    year = "2020"
}

@article{Meltzer:2019nbs,
    author = "Meltzer, David and Perlmutter, Eric and Sivaramakrishnan, Allic",
    title = "{Unitarity Methods in AdS/CFT}",
    eprint = "1912.09521",
    archivePrefix = "arXiv",
    primaryClass = "hep-th",
    reportNumber = "CALT-TH-2019-052",
    doi = "10.1007/JHEP03(2020)061",
    journal = "JHEP",
    volume = "03",
    pages = "061",
    year = "2020"
}

@article{Meltzer:2020qbr,
    author = "Meltzer, David and Sivaramakrishnan, Allic",
    title = "{CFT unitarity and the AdS Cutkosky rules}",
    eprint = "2008.11730",
    archivePrefix = "arXiv",
    primaryClass = "hep-th",
    reportNumber = "CALT-TH-2020-032",
    doi = "10.1007/JHEP11(2020)073",
    journal = "JHEP",
    volume = "11",
    pages = "073",
    year = "2020"
}

@article{Penedones:2010ue,
      author         = "Penedones, Joao",
      title          = "{Writing CFT correlation functions as AdS scattering
                        amplitudes}",
      journal        = "JHEP",
      volume         = "03",
      year           = "2011",
      pages          = "025",
      doi            = "10.1007/JHEP03(2011)025",
      eprint         = "1011.1485",
      archivePrefix  = "arXiv",
      primaryClass   = "hep-th",
      SLACcitation   = "%%CITATION = ARXIV:1011.1485;%%"
}

@article{Caron_Huot_2017,
    author = "Caron-Huot, Simon",
    title = "{Analyticity in Spin in Conformal Theories}",
    eprint = "1703.00278",
    archivePrefix = "arXiv",
    primaryClass = "hep-th",
    doi = "10.1007/JHEP09(2017)078",
    journal = "JHEP",
    volume = "09",
    pages = "078",
    year = "2017"
}

@article{Caron-Huot:2020nem,
    author = "Caron-Huot, Simon and Sandor, Joshua",
    title = "{Conformal Regge Theory at Finite Boost}",
    eprint = "2008.11759",
    archivePrefix = "arXiv",
    primaryClass = "hep-th",
    month = "8",
    year = "2020"
}

@article{Cornalba:2009ax,
    author = "Cornalba, Lorenzo and Costa, Miguel S. and Penedones, Joao",
    title = "{Deep Inelastic Scattering in Conformal QCD}",
    eprint = "0911.0043",
    archivePrefix = "arXiv",
    primaryClass = "hep-th",
    reportNumber = "CERN-PH-TH-2009-185, NSF-KITP-09-193",
    doi = "10.1007/JHEP03(2010)133",
    journal = "JHEP",
    volume = "03",
    pages = "133",
    year = "2010"
}

@article{Costa:2017twz,
    author = "Costa, Miguel S. and Hansen, Tobias and Penedones, João",
    title = "{Bounds for OPE coefficients on the Regge trajectory}",
    eprint = "1707.07689",
    archivePrefix = "arXiv",
    primaryClass = "hep-th",
    doi = "10.1007/JHEP10(2017)197",
    journal = "JHEP",
    volume = "10",
    pages = "197",
    year = "2017"
}

@article{Karateev_2019,
    author = "Karateev, Denis and Kravchuk, Petr and Simmons-Duffin, David",
    title = "{Harmonic Analysis and Mean Field Theory}",
    eprint = "1809.05111",
    archivePrefix = "arXiv",
    primaryClass = "hep-th",
    reportNumber = "CALT-TH 2018-036",
    doi = "10.1007/JHEP10(2019)217",
    journal = "JHEP",
    volume = "10",
    pages = "217",
    year = "2019"
}

@article{Liu_2019,
    author = "Liu, Junyu and Perlmutter, Eric and Rosenhaus, Vladimir and Simmons-Duffin, David",
    title = "{$d$-dimensional SYK, AdS Loops, and $6j$ Symbols}",
    eprint = "1808.00612",
    archivePrefix = "arXiv",
    primaryClass = "hep-th",
    reportNumber = "CALT-TH-2018-023",
    doi = "10.1007/JHEP03(2019)052",
    journal = "JHEP",
    volume = "03",
    pages = "052",
    year = "2019"
}
@article{Simmons_Duffin_2018,
    author = "Simmons-Duffin, David and Stanford, Douglas and Witten, Edward",
    title = "{A spacetime derivation of the Lorentzian OPE inversion formula}",
    eprint = "1711.03816",
    archivePrefix = "arXiv",
    primaryClass = "hep-th",
    doi = "10.1007/JHEP07(2018)085",
    journal = "JHEP",
    volume = "07",
    pages = "085",
    year = "2018"
}

@article{Kulaxizi_2018,
    author = "Kulaxizi, Manuela and Parnachev, Andrei and Zhiboedov, Alexander",
    title = "{Bulk Phase Shift, CFT Regge Limit and Einstein Gravity}",
    eprint = "1705.02934",
    archivePrefix = "arXiv",
    primaryClass = "hep-th",
    doi = "10.1007/JHEP06(2018)121",
    journal = "JHEP",
    volume = "06",
    pages = "121",
    year = "2018"
}

@misc{dolan2011conformal,
    author = "Dolan, F.A. and Osborn, H.",
    title = "{Conformal Partial Waves: Further Mathematical Results}",
    eprint = "1108.6194",
    archivePrefix = "arXiv",
    primaryClass = "hep-th",
    reportNumber = "DAMTP-11-64, CCTP-2011-32",
    month = "8",
    year = "2011"
}

@article{Simmons_Duffin_2014,
    author = "Simmons-Duffin, David",
    title = "{Projectors, Shadows, and Conformal Blocks}",
    eprint = "1204.3894",
    archivePrefix = "arXiv",
    primaryClass = "hep-th",
    doi = "10.1007/JHEP04(2014)146",
    journal = "JHEP",
    volume = "04",
    pages = "146",
    year = "2014"
}

@article{Kravchuk:2018htv,
    author = "Kravchuk, Petr and Simmons-Duffin, David",
    title = "{Light-ray operators in conformal field theory}",
    eprint = "1805.00098",
    archivePrefix = "arXiv",
    primaryClass = "hep-th",
    reportNumber = "CALT-TH 2018-018",
    doi = "10.1007/JHEP11(2018)102",
    journal = "JHEP",
    volume = "11",
    pages = "102",
    year = "2018"
}

@article{Caron-Huot:2020adz,
    author = "Caron-Huot, Simon and Mazac, Dalimil and Rastelli, Leonardo and Simmons-Duffin, David",
    title = "{Dispersive CFT Sum Rules}",
    eprint = "2008.04931",
    archivePrefix = "arXiv",
    primaryClass = "hep-th",
    month = "8",
    year = "2020"
}

@article{Aharony:2016dwx,
    author = "Aharony, Ofer and Alday, Luis F. and Bissi, Agnese and Perlmutter, Eric",
    title = "{Loops in AdS from Conformal Field Theory}",
    eprint = "1612.03891",
    archivePrefix = "arXiv",
    primaryClass = "hep-th",
    doi = "10.1007/JHEP07(2017)036",
    journal = "JHEP",
    volume = "07",
    pages = "036",
    year = "2017"
}

@mastersthesis{Penedones:2007ns,
    author = "Penedones, Joao",
    title = "{High Energy Scattering in the AdS/CFT Correspondence}",
    eprint = "0712.0802",
    archivePrefix = "arXiv",
    primaryClass = "hep-th",
    type = "Other thesis",
    month = "12",
    year = "2007"
}

@article{Cornalba:2006xm,
    author = "Cornalba, Lorenzo and Costa, Miguel S. and Penedones, Joao and Schiappa, Ricardo",
    title = "{Eikonal Approximation in AdS/CFT: Conformal Partial Waves and Finite N Four-Point Functions}",
    eprint = "hep-th/0611123",
    archivePrefix = "arXiv",
    reportNumber = "ROM2F-2006-26, LPTENS-06-50, CERN-PH-TH-2006-234",
    doi = "10.1016/j.nuclphysb.2007.01.007",
    journal = "Nucl. Phys. B",
    volume = "767",
    pages = "327--351",
    year = "2007"
}

@article{Lemos:2017vnx,
    author = "Lemos, Madalena and Liendo, Pedro and Meineri, Marco and Sarkar, Sourav",
    title = "{Universality at large transverse spin in defect CFT}",
    eprint = "1712.08185",
    archivePrefix = "arXiv",
    primaryClass = "hep-th",
    reportNumber = "DESY 17-239, HU-EP-17/31, DESY-17-239, HU-EP-17-31",
    doi = "10.1007/JHEP09(2018)091",
    journal = "JHEP",
    volume = "09",
    pages = "091",
    year = "2018"
}

@article{Cornalba:2006xk,
    author = "Cornalba, Lorenzo and Costa, Miguel S. and Penedones, Joao and Schiappa, Ricardo",
    title = "{Eikonal Approximation in AdS/CFT: From Shock Waves to Four-Point Functions}",
    eprint = "hep-th/0611122",
    archivePrefix = "arXiv",
    reportNumber = "ROM2F-2006-25, LPTENS-06-49, CERN-PH-TH-2006-233",
    doi = "10.1088/1126-6708/2007/08/019",
    journal = "JHEP",
    volume = "08",
    pages = "019",
    year = "2007"
}

@article{Amati:1987wq,
	author = "Amati, D. and Ciafaloni, M. and Veneziano, G.",
	title = "{Superstring Collisions at Planckian Energies}",
	reportNumber = "CERN-TH-4782/87",
	doi = "10.1016/0370-2693(87)90346-7",
	journal = "Phys. Lett. B",
	volume = "197",
	pages = "81",
	year = "1987"
}

@article{Amati:1988tn,
	author = "Amati, D. and Ciafaloni, M. and Veneziano, G.",
	title = "{Can Space-Time Be Probed Below the String Size?}",
	reportNumber = "CERN-TH-5207-88, SISSA-121-88-EP",
	doi = "10.1016/0370-2693(89)91366-X",
	journal = "Phys. Lett. B",
	volume = "216",
	pages = "41--47",
	year = "1989"
}

@article{Maldacena:1997re,
	author = "Maldacena, Juan Martin",
	title = "{The Large N limit of superconformal field theories and supergravity}",
	eprint = "hep-th/9711200",
	archivePrefix = "arXiv",
	reportNumber = "HUTP-97-A097, HUTP-98-A097",
	doi = "10.1023/A:1026654312961",
	journal = "Int. J. Theor. Phys.",
	volume = "38",
	pages = "1113--1133",
	year = "1999"
}

@article{Witten:1998qj,
	author = "Witten, Edward",
	title = "{Anti-de Sitter space and holography}",
	eprint = "hep-th/9802150",
	archivePrefix = "arXiv",
	reportNumber = "IASSNS-HEP-98-15",
	doi = "10.4310/ATMP.1998.v2.n2.a2",
	journal = "Adv. Theor. Math. Phys.",
	volume = "2",
	pages = "253--291",
	year = "1998"
}

@article{Gubser:1998bc,
	author = "Gubser, S.S. and Klebanov, Igor R. and Polyakov, Alexander M.",
	title = "{Gauge theory correlators from noncritical string theory}",
	eprint = "hep-th/9802109",
	archivePrefix = "arXiv",
	reportNumber = "PUPT-1767",
	doi = "10.1016/S0370-2693(98)00377-3",
	journal = "Phys. Lett. B",
	volume = "428",
	pages = "105--114",
	year = "1998"
}


@article{Brower:2007qh,
    author = "Brower, Richard C. and Strassler, Matthew J. and Tan, Chung-I",
    title = "{On the eikonal approximation in AdS space}",
    eprint = "0707.2408",
    archivePrefix = "arXiv",
    primaryClass = "hep-th",
    doi = "10.1088/1126-6708/2009/03/050",
    journal = "JHEP",
    volume = "03",
    pages = "050",
    year = "2009"
}
    
    
@article{Brower:2007xg,
	author = "Brower, Richard C. and Strassler, Matthew J. and Tan, Chung-I",
	title = "{On The Pomeron at Large 't Hooft Coupling}",
	eprint = "0710.4378",
	archivePrefix = "arXiv",
	primaryClass = "hep-th",
	doi = "10.1088/1126-6708/2009/03/092",
	journal = "JHEP",
	volume = "03",
	pages = "092",
	year = "2009"
}

@article{Meltzer:2017rtf,
	author = "Meltzer, David and Perlmutter, Eric",
	title = "{Beyond $a = c$: gravitational couplings to matter and the stress tensor OPE}",
	eprint = "1712.04861",
	archivePrefix = "arXiv",
	primaryClass = "hep-th",
	doi = "10.1007/JHEP07(2018)157",
	journal = "JHEP",
	volume = "07",
	pages = "157",
	year = "2018"
}

@article{Ademollo:1989ag,
	author = "Ademollo, M. and Bellini, A. and Ciafaloni, M.",
	title = "{Superstring Regge Amplitudes and Emission Vertices}",
	reportNumber = "Print-89-0802 (FLORENCE)",
	doi = "10.1016/0370-2693(89)91609-2",
	journal = "Phys. Lett. B",
	volume = "223",
	pages = "318--324",
	year = "1989"
}

@article{Ademollo:1990sd,
	author = "Ademollo, M. and Bellini, A. and Ciafaloni, M.",
	title = "{Superstring Regge Amplitudes and Graviton Radiation at Planckian Energies}",
	reportNumber = "DFF-108-10-89",
	doi = "10.1016/0550-3213(90)90626-O",
	journal = "Nucl. Phys. B",
	volume = "338",
	pages = "114--142",
	year = "1990"
}


@article{Sundborg:1988tb,
	author = "Sundborg, B.",
	title = "{High-energy Asymptotics: The One Loop String Amplitude and Resummation}",
	doi = "10.1016/0550-3213(88)90014-4",
	journal = "Nucl. Phys. B",
	volume = "306",
	pages = "545--566",
	year = "1988"
}

@article{Gross:1987kza,
	author = "Gross, David J. and Mende, Paul F.",
	title = "{The High-Energy Behavior of String Scattering Amplitudes}",
	reportNumber = "PUPT-1062",
	doi = "10.1016/0370-2693(87)90355-8",
	journal = "Phys. Lett. B",
	volume = "197",
	pages = "129--134",
	year = "1987"
}

@article{Gross:1987ar,
	author = "Gross, David J. and Mende, Paul F.",
	title = "{String Theory Beyond the Planck Scale}",
	reportNumber = "PUPT-1067",
	doi = "10.1016/0550-3213(88)90390-2",
	journal = "Nucl. Phys. B",
	volume = "303",
	pages = "407--454",
	year = "1988"
}

@article{Costa:2012cb,
	author = "Costa, Miguel S. and Goncalves, Vasco and Penedones, Joao",
	title = "{Conformal Regge theory}",
	eprint = "1209.4355",
	archivePrefix = "arXiv",
	primaryClass = "hep-th",
	doi = "10.1007/JHEP12(2012)091",
	journal = "JHEP",
	volume = "12",
	pages = "091",
	year = "2012"
}

@article{Regge:1959mz,
	author = "Regge, T.",
	title = "{Introduction to complex orbital momenta}",
	doi = "10.1007/BF02728177",
	journal = "Nuovo Cim.",
	volume = "14",
	pages = "951",
	year = "1959"
}

@article{Alday:2017vkk,
	author = "Alday, Luis F. and Caron-Huot, Simon",
	title = "{Gravitational S-matrix from CFT dispersion relations}",
	eprint = "1711.02031",
	archivePrefix = "arXiv",
	primaryClass = "hep-th",
	doi = "10.1007/JHEP12(2018)017",
	journal = "JHEP",
	volume = "12",
	pages = "017",
	year = "2018"
}

@manual{sagemath,
  Key          = {SageMath},
  Author       = {{The Sage Developers}},
  Title        = {{S}ageMath, the {S}age {M}athematics {S}oftware {S}ystem ({V}ersion 9.1)},
  note         = {{\tt https://www.sagemath.org}},
  Year         = {2020},
}

@article{Hartman:2015lfa,
    author = "Hartman, Thomas and Jain, Sachin and Kundu, Sandipan",
    title = "{Causality Constraints in Conformal Field Theory}",
    eprint = "1509.00014",
    archivePrefix = "arXiv",
    primaryClass = "hep-th",
    doi = "10.1007/JHEP05(2016)099",
    journal = "JHEP",
    volume = "05",
    pages = "099",
    year = "2016"
}

@article{Gillioz:2018mto,
    author = "Gillioz, Marc",
    title = "{Momentum-space conformal blocks on the light cone}",
    eprint = "1807.07003",
    archivePrefix = "arXiv",
    primaryClass = "hep-th",
    doi = "10.1007/JHEP10(2018)125",
    journal = "JHEP",
    volume = "10",
    pages = "125",
    year = "2018"
}

@article{Carmi:2018qzm,
author = "Carmi, Dean and Di Pietro, Lorenzo and Komatsu, Shota",
title = "{A Study of Quantum Field Theories in AdS at Finite Coupling}",
eprint = "1810.04185",
archivePrefix = "arXiv",
primaryClass = "hep-th",
doi = "10.1007/JHEP01(2019)200",
journal = "JHEP",
volume = "01",
pages = "200",
year = "2019"
}

@article{Ferrara:1972uq,
	author = "Ferrara, S. and Grillo, A.F. and Parisi, G. and Gatto, R.",
	title = "{The shadow operator formalism for conformal algebra. Vacuum expectation values and operator products}",
	doi = "10.1007/BF02907130",
	journal = "Lett. Nuovo Cim.",
	volume = "4S2",
	pages = "115--120",
	year = "1972"
}

@book{Dobrev:1977qv,
	author = "Dobrev, V.K. and Mack, G. and Petkova, V.B. and Petrova, S.G. and Todorov, I.T.",
	title = "{Harmonic Analysis on the n-Dimensional Lorentz Group and Its Application to Conformal Quantum Field Theory}",
	doi = "10.1007/BFb0009678",
	volume = "63",
	year = "1977"
}

@article{Liendo:2019jpu,
    author = "Liendo, Pedro and Linke, Yannick and Schomerus, Volker",
    title = "{A Lorentzian inversion formula for defect CFT}",
    eprint = "1903.05222",
    archivePrefix = "arXiv",
    primaryClass = "hep-th",
    reportNumber = "DESY-19-039",
    doi = "10.1007/JHEP08(2020)163",
    journal = "JHEP",
    volume = "08",
    pages = "163",
    year = "2020"
}

@article{Ponomarev:2019ofr,
	author = "Ponomarev, Dmitry",
	title = "{From bulk loops to boundary large-N expansion}",
	eprint = "1908.03974",
	archivePrefix = "arXiv",
	primaryClass = "hep-th",
	doi = "10.1007/JHEP01(2020)154",
	journal = "JHEP",
	volume = "01",
	pages = "154",
	year = "2020"
}

@article{Li:2017lmh,
	author = "Li, Daliang and Meltzer, David and Poland, David",
	title = "{Conformal Bootstrap in the Regge Limit}",
	eprint = "1705.03453",
	archivePrefix = "arXiv",
	primaryClass = "hep-th",
	doi = "10.1007/JHEP12(2017)013",
	journal = "JHEP",
	volume = "12",
	pages = "013",
	year = "2017"
}
